2882 4920
376 421 651 509 EPISTOLAE,
671 422 791 508 XIII,
816 418 869 492 15.
1114 419 1159 493 25
1193 477 1197 486 .

91 579 194 654 poene
222 550 394 626 eumdem
418 567 456 625 et
477 557 544 650 ἅμα
558 557 682 649 πρόσσω
703 553 756 624 καὶ
772 553 889 624 ὀπίσσω
903 560 935 596 ¹⁰
956 548 1097 638 videre,
1122 565 1160 625 et

91 664 347 753 nihilomiuus,

249 805 304 858 Ille
320 804 461 875 ἀριστεύειν,
476 801 519 858 καὶ
535 803 658 875 ὓπιίροχον
674 804 774 874 ippum
786 801 865 856 ditur
876 817 915 856 rr.

89 936 177 1025 Sed,
196 953 239 1010 ut
256 936 404 1012 redeam
421 935 466 1009 ad
487 937 546 1026 id,
563 937 662 1009 unde
683 941 803 1036 coepi:
822 937 1056 1011 vehementer
1070 938 1161 1010 mihi

88 1064 233 1150 gratum
247 1048 392 1137 leceris,
407 1050 438 1120 si
451 1048 551 1120 bunc
567 1047 833 1121 adolescentem
844 1048 1071 1120 humanitate
1086 1062 1159 1136 tua,
1251 1089 1256 1100 ·

89 1184 170 1256 quae
190 1173 247 1231 est
268 1158 474 1256 singularis,
492 1157 831 1255 comprehenderim
853 1156 953 1228 etad
975 1156 1034 1244 id,
1058 1156 1159 1255 quod

89 1272 249 1368 ipsorum
264 1269 507 1344 Preciliorum
523 1292 628 1341 causa
640 1282 676 1340 te
690 1267 781 1339 velle
792 1265 960 1356 arbitror,
980 1266 1160 1339 addideris

90 1378 279 1456 cumulum
314 1377 678 1452 commendationis¹²
711 1403 809 1450 meae.
842 1383 985 1450 Genere
1015 1403 1114 1450 novo
1128 1375 1157 1422 ¹³

91 1513 170 1560 sum
191 1489 377 1562 literarum
393 1486 439 1559 ad
461 1503 496 1561 te
519 1513 626 1578 usus,
651 1503 693 1560 ut
714 1488 954 1586 iutelligeres,
982 1513 1059 1560 non
1078 1487 1161 1560 vul·

91 1623 214 1695 garem
231 1622 309 1670 esse
331 1596 698 1672 commendationem.

126 1750 236 1832 rodpa
247 1761 402 1833 πρόσσω-καί
416 1761 514 1814 deiero.
527 1763 606 1814 Simul
647 1765 760 1830 seipsum
766 1763 907 1814 Ciceronem
915 1763 1040 1828 designare
1047 1763 1162 1814 voluisse.

90 1844 334 1911 efionteetatergo.
343 1843 402 1902 ll.l,
411 1842 604 1902 Itssraeterita
686 1858 727 1898 υ.
741 1840 794 1892 Itu
808 1841 944 1910 ἀριστιύιιν.
956 1844 1054 1907 Semper
1067 1844 1162 1909 egregie

90 1923 159 1972 aimul
170 1933 195 1970 et
206 1923 333 1988 sequentia
342 1923 474 1986 inspicere,
484 1919 604 1986 quodqui
648 1937 673 1970 se
680 1937 779 1987 gerere,
798 1933 824 1970 ee
839 1921 895 1970 alir‘s
913 1922 1068 1971 antecellere.
1085 1923 1158 1973 Iliad.

90 2005 240 2062 indueram
248 2001 604 2065 nonpoteet.1·'aoitantemie,
647 2000 726 2061 VIII,
745 2001 805 2049 ποῦ.

90 2081 167 2130 aiebat
175 2079 427 2144 meffimquieum
436 2080 539 2138 (ἔκειτο,
548 2079 604 2143 opi·
688 2094 728 2128 ra.
745 2077 1036 2138 Alii,commendan'oni.
1045 2081 1143 2130 J.v.1.

90 2160 142 2218 boe,
155 2159 309 2219 bonoribus,
325 2159 402 2223 glutit
414 2158 603 2218 florentissimo,
685 2157 726 2206 13.
746 2158 840 2206 Genere
858 2173 928 2206 novo.
946 2156 987 2204 Ob
1002 2159 1161 2224 interpositos

90 2237 288 2289 noneontentlit.
298 2237 495 2288 blm—Putat
506 2239 564 2288 Π.
574 2239 601 2286 L.
646 2251 843 2302 greeoeverem.
998 2221 1004 2232 ⁶

89 2403 226 2424 m
549 2401 1152 2423 mmmmmmm

405 2574 695 2658 EPISTOLA
727 2575 849 2654 XVI.

88 2737 276 2818 Apollonium
292 2741 322 2796 P.
336 2737 430 2798 Crassi
442 2737 595 2810 libertum,
608 2739 713 2798 cesari
722 2739 752 2796 in
764 2738 905 2817 Hispania
917 2752 1020 2797 eontra
1029 2737 1160 2817 Pompeii

125 2839 201 2896 lilios
218 2836 328 2898 bellum
347 2838 475 2916 gerenti,
496 2836 689 2896 commendat.
713 2837 856 2916 (Asturae,
878 2857 955 2898 auno
970 2842 1007 2898 U.
1029 2841 1063 2899 C.
1085 2835 1161 2912 708,
1183 2903 1186 2910 Ι

127 2954 228 2994 mense
241 2935 352 3014 aprili.)
698 2939 717 2987 0

101 3113 109 3120 -
207 3181 210 3186 ¹
288 3096 683 3166 uncocnsim
707 3098 961 3164 nmeno.

132 3249 174 3321 P.
191 3247 362 3316 Crassum
382 3269 427 3316 ex
444 3247 545 3317 omni
565 3241 753 3314 nobilitate
771 3240 1035 3314 adolescentem
1053 3240 1162 3312 dilexi

12 3417 13 3420 ,
89 3351 311 3449 plurimum;
344 3351 447 3424 etde
469 3362 537 3423 eo¹
567 3377 683 3451 quum
705 3351 750 3422 ab
774 3355 923 3423 ineunte
951 3352 1028 3447 ejus
1054 3364 1159 3422 aetate

12 3487 14 3516 ν
87 3458 185 3531 bene
203 3466 459 3559 speravissem,
480 3476 559 3538 tum
578 3487 644 3559 per
663 3485 722 3532 me
744 3465 948 3533 existimare
964 3464 1077 3558 eoepi,
1096 3461 1160 3530 iis²

84 3568 254 3662 judiciis,
272 3597 353 3668 quae
371 3569 416 3643 de
437 3595 481 3642 eo
501 3569 676 3661 feceram,
696 3575 860 3668 cognitis.
884 3572 970 3667 Ejus
990 3567 1165 3641 libertum

12 3677 14 3730 l
88 3679 326 3779 Apollonium
343 3682 515 3780 jamtum
535 3681 727 3780 equidem,
747 3708 863 3781 quum
879 3683 938 3752 ille
955 3684 1107 3774 viveret,
1127 3695 1165 3752 et
1247 3743 1250 3746 .

91 3794 214 3889 magni
226 3789 401 3862 faciebam
414 3847 423 3882 ,
437 3806 473 3863 et
486 3789 699 3890 probabam.
714 3796 799 3888 Erat
817 3795 914 3863 enim
930 3805 966 3862 et
979 3788 1165 3862 studiosus

129 3998 153 4030 1.
167 3985 201 4030 Et
218 3982 249 4031 de
263 3999 303 4035 eo.
324 3985 376 4034 Atti
393 3985 453 4035 dant
469 3998 495 4034 et
514 4003 547 4035 ee
565 4003 606 4037 eo.
650 3989 677 4036 h.
691 4004 713 4037 e.
723 3987 821 4052 pentem
831 3987 974 4051 perspectis.
987 3985 1168 4038 Namanteade

93 4062 158 4112 LV.
174 4065 202 4112 1..
415 4063 419 4083 ¹
652 4067 792 4127 conjectura
811 4076 905 4116 nomm
920 4067 1007 4117 Cicero
1026 4066 1058 4115 de
1080 4066 1168 4116 Cnseo

12 4137 14 4258 y
124 4155 148 4189 a.
166 4141 277 4204 Alii,e.e
290 4142 328 4192 iis.
339 4145 405 4194 LV.
419 4142 607 4212 Immundis,
650 4144 810 4206 iudIcaveret.
820 4146 865 4194 Eo.

12 4361 16 4532 ,
128 4429 132 4438 ,
