2882 4920
257 406 287 546 '4
591 457 640 526 M.
665 459 704 526 r.
728 458 1004 532 monierus

247 607 331 680 ‘ego
348 605 368 652 a
386 594 423 652 te
441 591 535 650 nutu
557 577 629 650 hoc
640 581 824 675 'consequi
847 601 990 676 possem
1003 579 1168 666 ,etiamsi
1184 576 1331 650 aedifica·

263 707 368 763 turus
382 712 489 761 esses.
509 691 618 760 Nunc
636 710 740 774 vero,
761 690 791 758 si
810 685 981 775 audierit,
1002 702 1037 758 te
1056 685 1330 760 edificationem

260 802 488 902 deposuisse,
507 821 628 895 neque
642 810 765 868 tamen
779 821 838 868 me
856 821 877 868 a
895 812 931 868 te
947 800 1178 896 impetrasse3
1197 823 1275 870 non
1294 813 1330 871 te

262 917 300 984 in
315 936 373 982 me
385 905 650 994 illiberalem¹¹,
665 907 731 980 sed
744 933 803 980 me
816 911 855 978 in
869 932 907 980 se
920 908 1162 1007 negligentem
1178 906 1330 1007 putabit.

263 1019 511 1117 Quamobrem
528 1031 616 1116 peto
632 1043 652 1089 a
673 1032 725 1104 te,
739 1033 782 1089 ut
799 1016 934 1090 scribas
956 1019 1000 1088 ad
1020 1034 1120 1105 tuos,
1142 1041 1247 1116 posse
1271 1033 1332 1088 tua

262 1130 448 1200 voluntate
465 1124 650 1195 decretum
677 1123 768 1194 illud
785 1124 1099 1222 Areopagitarum,
1121 1148 1232 1222 quem
1250 1131 1331 1194 ὑπο-

260 1226 515 1333 μνῆμοιτισμὸνῑ3
534 1229 586 1301 illi
607 1243 755 1317 vocant,
783 1230 872 1301 tolli.
899 1225 971 1301 Sed
995 1228 1107 1302 redeo
1132 1229 1179 1299 ad
1200 1233 1329 1326 prima.

260 1349 362 1418 Prius
373 1343 480 1412 velim
498 1337 564 1410 tibi
580 1341 812 1438 persuadeas,
826 1354 869 1411 ut
880 1338 951 1411 boc
965 1362 1045 1410 mea
1059 1363 1165 1411 causa
1177 1337 1333 1411 libenter

262 1453 390 1536 facias,
407 1474 518 1548 quam
539 1462 581 1521 ut
598 1447 716 1521 facias.
738 1451 939 1522 Sic'tamen
959 1447 1116 1521 habeto:
1136 1450 1165 1520 si
1184 1446 1333 1536 feceris,

262 1561 365 1660 quod
382 1583 488 1657 rogo,
508 1555 586 1631 fore
607 1558 697 1629 milri
717 1562 974 1656 gratissimum.
997 1558 1098 1630 Vale.

262 1807 314 1840 non
333 1789 401 1854 qnod
418 1789 440 1836 ie
465 1801 548 1835 revere
569 1785 703 1850 Epicureus
724 1799 777 1832 aon
820 1783 899 1832 multo
922 1795 1003 1832 tamen
1027 1781 1154 1848 Epicureis
1173 1782 1333 1834 eruditiorem

263 1881 333 1920 esset.
349 1869 428 1935 aput,
441 1883 472 1930 πρ
485 1865 562 1916 lib.v
574 1864 607 1913 ed
620 1875 720 1922 eum,et
731 1859 775 1912 lib.
820 1879 882 1913 erse.
893 1864 939 1912 En.

264 1951 317 2000 lde
330 1953 388 2014 Leg.
397 1949 467 1997 Min.
475 1942 565 1994 -Sed
573 1943 687 1993 consulto
697 1942 777 1991 verbis
860 1957 900 1991 ra.
908 1940 973 1990 Male
982 1941 1054 1990 Grut.
1063 1939 1195 1990 liberalem.
1207 1937 1273 1990 Η.
1287 1945 1316 1990 1.

263 2030 384 2094 ambigui·
395 2028 515 2085 utimum
525 2021 646 2089 significet
655 2023 773 2080 Atticum,
856 2023 897 2070 13.
908 2009 1133 2088 lergavonensium.
1144 2021 1185 2069 Ad
1196 2021 1232 2068 rei
1242 2036 1334 2070 memo-

264 2108 358 2160 etiamsi
379 2104 480 2172 Epicuri
501 2104 598 2152 merere
622 2113 774 2168 sequeretur,
818 2102 879 2150 dem
892 2101 971 2150 literis
984 2099 1133 2150 mandatnm.
1147 2101 1222 2148 Mu.

263 2305 1333 2341 mmmmmmmmmmmmmmmmmmmm

591 2517 915 2608 EPISTOLA
944 2523 1004 2602 ll.

267 2713 358 2786 Petit,
375 2719 407 2769 ut
420 2707 556 2770 Evandro
572 2707 711 2767 statuario
730 2707 767 2766 de
787 2708 907 2767 sacrarii
926 2707 1107 2768 habitatione
1125 2707 1339 2769 accommodet.

459 2801 635 2884 (Laodiceae,
652 2820 729 2860 anno
743 2805 779 2862 U.
793 2807 824 2863 C.
836 2805 910 2876 703,
931 2821 1029 2862 mense
1048 2801 1147 2880 maio.)

591 2976 747 3042 CICERO
769 2976 960 3050 MEMMIO,
977 2977 1009 3042 S.

315 3133 354 3200 C.
370 3133 535 3200 Avrnro¹
555 3126 731 3196 Evarnno
742 3176 752 3212 ,
764 3127 829 3220 qui
841 3122 981 3196 habitat
999 3127 1037 3194 in
1056 3139 1122 3197 tuo
1138 3128 1298 3198 sacrario
1309 3137 1339 3217 ²,

267 3254 304 3314 et
325 3243 405 3337 ipso
430 3233 588 3305 multum
606 3248 702 3321 utor,
722 3246 759 3304 et
777 3247 933 3331 patrono
953 3233 1032 3329 ejus
1050 3237 1100 3305 M.
1122 3234 1263 3307 AEmilio
1286 3235 1342 3309 fa-

267 3348 516 3423 miliarissime.
544 3348 632 3415 Peto
660 3343 771 3441 igitur
791 3367 812 3415 a
836 3357 872 3414 te
898 3341 1074 3438 majorem
1105 3347 1143 3416 in
1167 3345 1341 3434 modurn,
1382 3357 1386 3364 '

267 3457 367 3559 quod
385 3460 464 3528 sine
482 3467 544 3524 tua
565 3451 731 3526 molestia
751 3450 833 3541 fiat,
849 3455 940 3525 utoi
963 3451 1008 3524 de
1029 3451 1256 3526 habitatione
1278 3478 1343 3527 ac-

268 3565 487 3643 commodes.
501 3566 594 3635 Nam
611 3576 761 3662 propter
775 3586 886 3661 opera
902 3564 1065 3634 instituta
1079 3563 1193 3636 multa
1207 3565 1340 3638 multo-

307 3809 330 3840 ι.
345 3789 423 3848 Olim,
436 3785 557 3836 ίδανίαιιο.
575 3787 601 3835 J.
610 3787 644 3834 V.
659 3786 686 3835 1.
706 3811 741 3823 -
758 3787 783 3833 Ie
826 3785 981 3834 summulis
990 3786 1342 3838 &Memmiiriemseeme'a

268 3873 316 3922 init
326 3873 363 3922 Μ.
372 3867 464 3918 AEmilii
475 3866 568 3919 Ariani
579 3865 691 3914 libertus.
702 3866 783 3928 Quem
826 3879 878 3912 non
890 3864 966 3914 modo
978 3866 1005 3913 in
1018 3865 1092 3914 eserie
1104 3864 1207 3924 edibus,
1218 3881 1303 3914 rernm
1312 3868 1343 3916 in

268 3967 313 4001 m
329 3947 453 3999 Emutim
469 3943 582 3994 melem
603 3959 655 3993 eece
680 3942 782 4002 dixerit,
826 3945 935 4008 prolenis
959 3946 1031 3994 etiem
1058 3961 1110 3994 esee
1132 3955 1261 4010 poterant,
1284 3945 1343 3994 loen

268 4032 312 4097 qui
326 4027 436 4080 Arinem
454 4025 616 4074 monins
634 4022 781 4088 appellatur,
826 4023 938 4089 quedem
948 4035 1097 4088 conuenta,
1108 4024 1148 4074 rel
1160 4024 1203 4074 nbi
1216 4041 1290 4074 uere
1300 4041 1343 4075 ree

269 4109 337 4160 baed
347 4119 472 4171 neuqnor.
481 4107 542 4154 Sca.
623 4133 628 4143 ·
825 4103 1018 4164 custodirentur,
1031 4104 1071 4156 vel
1082 4103 1126 4155 ubi
1141 4119 1208 4174 sacre
1220 4104 1344 4172 gentilitia

306 4205 330 4240 a.
342 4183 466 4238 eutero.
479 4185 551 4236 ron
568 4183 658 4234 edium
675 4179 782 4232 urbem·
826 4181 923 4236 fierent.
936 4185 1009 4234 Mu.

608 4412 617 4445 l
