2882 4920
291 415 339 503 so
613 415 661 481 Μ.
688 414 726 481 Τ.
753 415 1031 486 crcnnonrs

290 534 414 634 (quod
431 532 669 606 intellexerim
688 535 779 603 scire
799 533 915 630 ipsum
933 535 1123 625 Caesarem,
1141 563 1200 612 me
1218 542 1355 616 invitis·

290 647 422 718 simum
438 642 589 738 fecisse),
604 640 641 712 id
654 639 781 714 fecisse
791 653 822 687 ¹⁰
836 642 991 715 aliorum
1009 646 1179 738 oonsilio,
1190 648 1355 743 hortatu,

289 755 500 828 auctoritate
512 782 520 824 :
534 751 634 849 quod
650 748 781 822 fuerim
794 751 1014 860 moderatior
1025 760 1355 858 temperatiorque,

289 889 395 961 quam
417 866 456 935 in
478 887 520 934 ea
542 876 643 960 parte
667 865 882 959 quisquam,
914 862 951 934 id
972 889 1031 937 me
1052 865 1178 940 fecisse
1198 875 1354 945 maxime

207 1049 212 1064 ‚
288 977 501 1048 auctoritate
513 972 720 1068 Capitonis3
742 972 845 1066 cujus
859 973 992 1046 similes
1009 978 1038 1046 si
1057 977 1215 1075 reliquos
1229 1005 1355 1054 neces·

286 1089 398 1160 sarius
416 1083 642 1169 habuissem,
660 1079 867 1180 reipublicae
886 1081 1037 1158 fortasse
1054 1087 1242 1178 nonnihil,
1263 1091 1355 1162 mibi

285 1211 383 1270 certe
402 1194 600 1293 plurimum
619 1189 846 1289 profuissem.

334 1311 435 1376 Hanc
456 1327 553 1391 rem,
584 1303 633 1371 mi
655 1302 800 1390 Plance,
823 1305 852 1374 si
875 1299 1056 1393 effeceris,
1081 1329 1199 1380 meam
1222 1309 1268 1382 de
1289 1325 1354 1385 tua

286 1439 371 1512 erga
389 1439 447 1484 me
464 1412 710 1484 benivolentia
728 1436 830 1511 spem
850 1412 1134 1505 confirmaverim
1147 1419 1267 1516 ipsum
1283 1427 1354 1494 Ca-

284 1530 465 1624 pitonem,
478 1524 739 1620 gratissimum,
760 1523 1081 1617 officiosissimum,
1100 1531 1278 1626 optimum
1297 1536 1354 1605 v'i-

284 1658 388 1720 rum,
409 1631 455 1705 ad
478 1648 575 1705 tuam
597 1633 897 1716 necessitudinem
919 1649 986 1708 tuo
1007 1661 1151 1712 summo
1172 1638 1353 1716 beneficio

283 1745 499 1840 adjunxeris.

323 1943 365 1977 ιι.
382 1925 445 1988 atii,
452 1924 514 1989 sesi.
524 1924 635 1972 Lambini
649 1923 843 1974 emendationem
856 1925 987 1990 sequimur.
997 1929 1023 1978 J.
1032 1929 1065 1979 V.
1077 1933 1104 1978 L.

281 2103 1342 2133 ἱΜΜΜΜΜΜΜΜΜΜΜᾞ

578 2221 882 2356 umsToLA
907 2279 1048 2358 xxx.

282 2439 316 2494 L.
336 2403 479 2496 Manlium
503 2433 533 2491 in
557 2432 683 2490 fraterna
705 2431 866 2490 hereditate
891 2435 1082 2604 pommendst.
1110 2437 1247 2515 (Romu,
1271 2459 1350 2500 anno

724 2529 761 2586 U·
777 2528 809 2588 C.
823 2544 889 2598 7⁰7·

495 2691 542 2756 M.
560 2689 599 2754 T.
618 2689 656 2754 C.
678 2689 823 2756 ACILIO
847 2691 970 2758 PROC.
989 2694 1020 2759 S.
1039 2692 1074 2760 P.
1098 2695 1137 2758 D.

328 2839 367 2906 L.
390 2837 558 2904 Msnnms
579 2845 634 2902 est
650 2833 749 2903 Sosis
762 2842 787 2900 ¹.
806 2835 841 2902 Is
858 2828 926 2904 fuit
941 2836 1183 2925 Catinensis²;
1195 2837 1260 2910 sed
1276 2854 1349 2928 est,

279 2967 449 3016 unacum
468 2942 616 3038 reliquis
634 2941 901 3039 Neapolitanis,
919 2947 1005 3015 civis
1024 2969 1195 3017 romanus
1210 2945 1348 3034 factus,

279 3053 501 3149 decurioque
511 3051 674 3149 Neapoli.
688 3056 772 3122 Erat
791 3049 914 3123 enim³
934 3053 1136 3153 adscriptus
1154 3057 1245 3128 inid
1264 3083 1349 3130 mu-

278 3164 454 3260 nicipium
470 3176 553 3234 ante
575 3166 754 3234 civitatem
774 3166 880 3234 sociis
899 3178 935 3234 et
955 3167 1089 3238 Latinis
1111 3167 1242 3238 datam.
1260 3170 1350 3263 Ejus

279 3273 391 3347 frater
408 3274 543 3345 Catinae
561 3296 680 3371 nuper
695 3288 863 3346 mortuus
881 3288 943 3345 est.
962 3275 1104 3348 Nullam
1124 3281 1275 3350 omnino
1293 3303 1350 3351 ar-

316 3499 338 3532 1.
347 3480 418 3530 Sosis.
426 3481 469 3530 Eat
477 3479 585 3528 Siculum
593 3479 680 3528 Manlii
690 3494 788 3540 nomen,
832 3495 932 3544 esqnam
947 3479 972 3528 in
988 3479 1147 3546 municipium
1157 3484 1350 3548 Neapolitanum

277 3563 345 3629 qnod
359 3561 438 3610 solnm
450 3560 535 3608 habuit
548 3569 676 3622 antequam
691 3559 789 3606 civitate
832 3558 970 3622 adscriptus
992 3571 1037 3608 eat.
1063 3561 1130 3610 Civis
1156 3563 1220 3610 enim
1244 3565 1350 3614 duarum

278 3643 419 3690 donaretur.
433 3639 483 3704 Qui
497 3641 563 3688 enim
575 3638 696 3704 peregrini
710 3653 788 3685 roma·
832 3637 964 3686 civitatum
977 3655 1028 3687 esse
1042 3655 1115 3689 nemo
1125 3651 1213 3704 potest.
1226 3644 1299 3692 Mas.

278 3737 336 3789 nam
352 3721 475 3769 civitatem
489 3719 690 3784 assequebantur,
704 3733 789 3766 eorum
868 3717 894 3766 3.
910 3717 972 3765 Erat
983 3717 1055 3768 enirn.
1068 3719 1196 3768 Rationem
1206 3721 1287 3784 affert,
1295 3741 1350 3788 qno

276 3799 429 3848 assumebant
439 3809 462 3846 et
473 3799 668 3862 praenomina,et
678 3795 787 3856 nomina,
832 3793 922 3854 modo,
936 3797 1072 3846 Catinensis
1086 3814 1163 3862 quum
1181 3799 1268 3860 fuerit,
1285 3801 1349 3852 civis

276 3894 382 3944 quornm
398 3893 472 3943 opera
490 3887 515 3926 et
531 3875 650 3926 bensfimo
668 3877 734 3922 sires
751 3891 789 3923 m·
832 3889 946 3924 romanus
967 3875 1045 3924 factm
1071 3878 1112 3928 sit.
1141 3880 1198 3942 Quo
1219 3889 1347 3946 tempore,

276 3957 342 4006 mani
354 3958 412 4006 facti
424 3967 506 4016 erant,
517 3967 597 4006 vetere
611 3953 711 4003 nomine
725 3971 787 4004 oon·
831 3955 930 4020 inquit,
948 3957 1021 4005 sociis
1039 3970 1063 4007 et
1080 3960 1172 4008 Latinis
1188 3960 1242 4008 data
1260 3961 1348 4011 civitas

276 4051 381 4087 servato.
394 4039 470 4086 Mars.
832 4047 868 4083 est
886 4037 979 4102 (datam
996 4054 1047 4085 esse
1067 4037 1120 4102 lege
1138 4031 1219 4098 sutis,
1238 4041 1349 4092 ostendit

312 4114 787 4179 a.FuitCats'nensis.lissedosiit,post·
832 4115 918 4164 Cicero
942 4115 968 4164 in
985 4117 1095 4166 oratione
1113 4134 1160 4184 pro
1180 4115 1284 4182 Balbo),
1304 4121 1349 4170 sd·
