2882 4920
413 423 691 509 urrsromu,
710 423 829 510 xm,
855 420 889 494 5.
1157 451 1181 524 9

114 541 345 642 possessione
362 544 507 631 amissa,
536 545 630 616 tueri
655 545 713 615 vix
737 555 895 644 potest².
922 546 1181 619 Gravissimum

114 667 238 725 autem
251 667 316 740 est,
324 677 440 750 quum
453 656 617 753 superior
626 651 741 727 factus
755 657 802 727 sit
817 655 955 746 ordine,
972 656 1180 732 inferiorem

116 785 194 834 esse
219 761 384 852 fortuna3
409 765 633 863 minimeque
655 765 846 855 convenit,
865 790 911 837 ex
928 790 972 837 eo
991 791 1097 865 agro,
1117 769 1183 866 qui

116 872 263 943 Caesaris
272 872 378 968 jussu
389 870 583 961 dividatur,
598 897 684 946 eum
696 875 853 964 moveri,
869 877 934 974 qui
952 878 1098 948 Caesaris
1117 876 1183 950 be·

117 981 249 1054 neficio
276 996 422 1054 senator
448 986 505 1054 sit.
535 981 606 1056 Sed
629 984 719 1084 mihi
738 986 860 1058 minus
888 986 976 1058 libet
1004 987 1118 1059 multa
1139 987 1184 1060 de

117 1093 285 1187 aequitate
300 1092 354 1164 rei
368 1089 542 1182 seribere,
555 1117 603 1166 ue
617 1117 723 1167 causa
736 1095 857 1193 potius
873 1094 970 1193 apud
986 1109 1021 1167 ee
1033 1097 1186 1168 valuisse

117 1201 253 1292 videar,
272 1225 383 1300 quam
399 1205 522 1300 gratia.
537 1202 785 1296 Quamobrem
801 1220 837 1278 te
857 1205 897 1276 in
917 1205 1092 1302 majorem
1107 1229 1186 1278 mo·

120 1310 210 1383 dum
228 1335 339 1410 rogo,
353 1327 395 1384 ut
410 1317 450 1384 C.
465 1316 581 1386 Curtii
595 1339 691 1403 rem,
705 1339 824 1387 meam
842 1330 950 1414 putes
969 1339 1066 1404 esse,
1082 1316 1187 1416 quid·

121 1420 214 1518 quid
238 1445 319 1495 mea
342 1447 449 1495 causa
471 1421 625 1512 faceres,
645 1439 688 1496 ut
705 1424 742 1496 id
758 1428 798 1497 C.
813 1427 930 1497 Curtii
948 1449 1053 1498 causa
1073 1451 1190 1524 quum
1306 1451 1314 1464 ·

121 1529 268 1622 feceris,
296 1535 498 1622 existimes,
524 1535 626 1634 quod
651 1536 711 1608 ille
738 1560 804 1634 per
828 1533 913 1609 me³
939 1536 1125 1626 habuerit,
1150 1536 1189 1608 id

122 1665 181 1713 me
203 1639 339 1714 habere
358 1641 423 1716 abs
445 1659 493 1722 te
524 1651 602 1718 Hoc
625 1658 661 1718 te
684 1645 923 1718 vehementer
945 1646 1054 1718 etiam
1078 1659 1190 1744 atque

124 1751 233 1823 etiam
247 1776 352 1850 rogo.

158 1917 187 1951 α.
205 1901 278 1951 steri
293 1902 341 1952 oie
357 1915 448 1970 porcae.
464 1905 545 1957 Nemo
568 1905 635 1956 enim
678 1906 945 1972 smneponnparu.
958 1909 1013 1958 noe
1025 1906 1191 1957 semrvoio

124 1991 408 2048 mmrmpotent,
425 1985 637 2036 nffincccnss·
680 1985 1192 2052 efisdmuqnidquidetecurtiotribu·

126 2059 159 2108 lia
169 2060 316 2126 possideret.
328 2063 460 2113 suetonius
475 2063 504 2112 iu
516 2066 637 2130 Augusto.
681 2076 734 2114 tum
747 2067 794 2128 ait,
812 2065 840 2114 id
856 2065 960 2130 perinde
976 2082 1028 2115 esse
1045 2082 1074 2114 ao
1092 2065 1114 2114 si
1131 2064 1192 2114 mihi

161 2139 187 2188 3.
200 2139 638 2206 QMiHepnme-Iuomnuded
681 2143 730 2210 ipd
742 2143 866 2192 urhunes.
880 2145 928 2193 Eo.

996 2313 1184 2336 mm

458 2480 763 2562 EPISTOLA
795 2481 871 2560 VI.

127 2639 230 2721 Cuspii
242 2639 352 2700 amicos
363 2638 521 2718 generatim
534 2657 636 2699 omnes
648 2639 847 2711 commendat,
858 2637 1028 2698 nominatim
1040 2641 1074 2698 L.
1085 2637 1194 2699 Julium

308 2744 339 2792 et
353 2735 385 2790 P.
396 2732 573 2792 Cornelium.
587 2731 713 2812 (Rome,
735 2750 812 2790 anno
829 2734 866 2792 U.
886 2735 919 2792 C.
936 2731 1019 2810 697.)

201 2917 305 2986 ur.
330 2916 366 2985 o.
386 2917 428 3002 Q.
438 2916 625 2982 musmo
648 2916 690 3000 Q.
710 2917 746 2982 r.
763 2914 910 2998 oncAE,
934 2914 1130 2980 Ριιοοοε.ι

596 3023 631 3088 s
647 3022 682 3088 r.
698 3024 739 3088 o.

179 3169 218 3237 81
231 3162 341 3251 vales,
353 3162 448 3235 bene
462 3177 517 3236 est
530 3188 539 3232 τ
552 3161 667 3236 valeo.
683 3158 802 3234 Credo
821 3175 856 3234 te
870 3165 1046 3234 memoria
1061 3175 1197 3251 tenere,

129 3301 189 3349 me
208 3289 245 3348 et
263 3297 385 3346 coram
404 3277 440 3344 P.
460 3275 595 3370 Cuspio
612 3287 733 3344 tecum
754 3272 950 3370 loquutum
968 3273 1064 3358 esse,
1082 3294 1199 3368 quum

132 3400 171 3458 te
189 3407 431 3483 prosequerer
449 3381 660 3481 paludatum
670 3393 698 3470 ²,
724 3395 761 3453 et
784 3383 870 3454 item
889 3396 1015 3480 postea
1034 3380 1200 3480 pluribus

131 3493 254 3568 verbis
276 3508 397 3566 tecum
424 3494 555 3590 egisse,
580 3505 918 3589 ut,.quoscumque
939 3489 1005 3562 tibi
1030 3491 1109 3587 ejus
1133 3516 1199 3564 ne-

133 3605 305 3678 cessarios
318 3601 626 3691 commendarem,
638 3601 791 3674 haberes
804 3627 866 3674 eos
881 3602 919 3672 in
933 3625 1088 3673 numero
1102 3626 1200 3674 meo·

17 3779 18 3798 ,
132 3740 217 3788 rum
237 3715 533 3788 necessariorum.
557 3713 600 3787 Id
625 3727 665 3786 tu
688 3737 757 3813 pro
784 3727 847 3784 tua
874 3735 1015 3784 summa
1038 3737 1123 3810 erga
1142 3737 1200 3785 me

174 3913 196 3945 1.
207 3899 307 3945 Procas.
320 3897 397 3959 Supra
411 3905 595 3960 propi-errorent
611 3894 648 3942 di·
691 3894 750 3942 lieet
773 3891 926 3942 eonsulatum
949 3908 1000 3941 non
1023 3897 1130 3959 puteris.
1149 3895 1203 3944 m·

136 3987 204 4024 ctus:
218 3974 262 4024 sed
279 3985 340 4024 tune
353 3977 498 4040 prepositus
510 3973 649 4024 maece-
693 3989 797 4023 nonus.

136 4069 189 4102 aare
206 4053 271 4118 agris
288 4053 445 4115 dividendis,
464 4071 531 4103 nouo
542 4054 650 4104 Adienos
730 4070 755 4102 a.
772 4051 931 4103 Pandarum.
956 4053 1069 4103 Paludni
1090 4053 1159 4103 ibant
1177 4053 1204 4102 in

136 4132 308 4194 administro,
332 4145 357 4182 et
379 4134 513 4199 proconsul
535 4145 651 4193 voosmr,
694 4130 841 4198 provincias.
855 4133 915 4182 Sos.
