2882 4920
252 435 296 484 ιο
570 411 619 483 Μ.
644 411 684 480 Τ.
709 409 995 482 CICERONIS

242 529 505 620 benivolentia,
527 545 777 630 perpetuaque
795 529 1043 618 observantia,
1068 529 1160 605 mihi
1178 531 1312 606 thoma

242 644 377 716 lissirm
398 656 507 740 atque
526 642 785 717 humanissime
801 643 980 739 recepisti.
1000 642 1176 739 Cuspius,
1199 643 1314 718 homo

240 753 281 824 in
298 777 427 830 omnes
445 776 531 824 suos
548 749 847 836 officiosissimus,
867 749 1019 825 mirifice
1040 751 1221 849 quosdam
1242 753 1312 827 ho-

240 866 358 935 mines
379 887 424 939 ex
448 862 514 940 ista
537 861 724 964 provincia
749 874 874 934 tuetur
893 875 930 934 et
951 859 1086 958 diligit,
1116 878 1312 961 propterea
1339 933 1343 938 .

239 970 341 1070 quod
357 969 426 1045 luit
441 973 480 1042 iu
493 967 611 1044 Africa
627 970 698 1060 bis,
716 994 833 1069 quum
845 971 1010 1044 maximis
1023 971 1227 1048 soeiaaaus³
1248 999 1312 1048 ne·

239 1082 344 1180 gostis
359 1095 536 1180 praeesset.
555 1086 683 1180 ltaque
701 1081 773 1156 hoc
790 1080 869 1176 ejus
884 1078 1064 1168 officium,
1084 1081 1188 1179 quod
1206 1081 1311 1156 adhi-

238 1188 304 1263 bet
316 1215 400 1288 erga
412 1190 511 1278 illos,
525 1213 594 1288 ego
606 1215 687 1264 mea
700 1188 870 1270 facultate
885 1203 922 1268 et
934 1190 1047 1288 gratia
1057 1192 1178 1280 soleo,
1192 1217 1311 1291 quan·

238 1313 320 1375 tum
336 1323 505 1398 possum,
520 1300 701 1397 adjuvare.
719 1304 839 1393 Quare
858 1301 1124 1397 Cuspianorum
1143 1307 1311 1376 omnium

240 1409 565 1492 commendationis
579 1432 723 1488 causam
733 1407 879 1486 hactibi
891 1409 1043 1508 epistola
1055 1410 1312 1510 exponendam

239 1522 374 1620 putavi.
395 1520 559 1618 Reliquis
577 1521 739 1619 epistolis
761 1535 905 1595 tantum
927 1519 1073 1606 facum,
1095 1536 1138 1594 ut
1161 1525 1311 1596 uotam⁴

239 1654 422 1730 apponam
444 1653 541 1720 eam,
571 1656 652 1728 qun
672 1630 762 1706 mihi
781 1645 902 1707 tecum
920 1632 1114 1721 convenit,
1140 1646 1178 1704 et
1203 1632 1311 1706 simul

238 1738 456 1837 significem,
483 1738 530 1813 de
559 1765 714 1813 numero
738 1765 816 1813 esse
847 1741 974 1839 Cuspii
998 1731 1211 1816 amicornm.
1238 1740 1312 1816 Sed

239 1849 335 1927 hauc
358 1849 728 1936 commendationem,
751 1875 863 1950 quarn
884 1849 942 1921 his
961 1851 1072 1926 literis
1094 1851 1310 1948 consignare

238 1961 358 2051 volui,
377 1964 468 2036 scito
490 1985 567 2036 esse
585 1963 751 2034 omnium
773 1961 1030 2059 grausumam.
1050 1965 1142 2034 Nam
1171 1967 1206 2033 Ρ.
1237 1965 1311 2033 Cu·

239 2072 339 2170 spius
357 2073 529 2172 singulari
549 2071 669 2145 studio
688 2071 877 2144 contendit
903 2095 924 2142 a
940 2095 1019 2159 me,
1046 2083 1088 2142 ut
1113 2068 1179 2141 tibi
1198 2093 1311 2170 quam

239 2179 510 2279 diligentissime
527 2183 566 2254 L.
578 2182 711 2254 lulium
728 2179 1032 2254 commendarem.
1049 2182 1135 2278 Ejus
1149 2206 1217 2279 ego
1234 2195 1311 2253 stu·

240 2289 302 2362 dio
318 2291 379 2362 vix
390 2292 517 2364 videor
528 2290 619 2362 mihi
633 2289 835 2364 satisfacere
847 2313 965 2389 posse,
982 2293 1012 2363 si
1025 2305 1109 2362 utar
1119 2289 1239 2362 verbis
1250 2291 1310 2380 iis,

238 2399 393 2498 quibus,
422 2425 538 2499 quum
556 2401 826 2500 diligentissime
844 2399 933 2504 quid
953 2400 1111 2498 agimus,
1136 2402 1190 2471 uti
1214 2399 1309 2471 sole-

238 2534 331 2582 mus.
348 2514 451 2584 Nova
462 2509 626 2610 quaedam
642 2509 816 2610 postulat,
830 2523 867 2582 et
881 2523 985 2609 putat
1001 2533 1059 2580 me
1072 2509 1150 2606 ejus
1168 2509 1311 2606 generis

239 2619 432 2696 artificium
447 2619 633 2720 quoddam
649 2635 785 2694 tenere.
798 2621 840 2694 ui
854 2644 921 2718 ego
937 2619 1121 2718 pollicitus
1134 2641 1217 2692 sum
1227 2671 1238 2709 ,
1250 2640 1310 2694 me

237 2753 284 2804 ex
297 2734 423 2806 intima
434 2746 558 2804 nostra
573 2746 650 2804 arte
668 2731 973 2830 deprompturum
983 2726 1178 2800 mirificum
1193 2753 1311 2826 genus

239 2840 574 2914 commendationis.
603 2841 645 2912 Id
664 2866 780 2938 quum
805 2841 948 2940 assequi
969 2865 1046 2911 non
1066 2862 1240 2937 possum,
1268 2853 1311 2910 tu

237 2975 279 3024 re
296 2952 404 3024 velim
429 2949 583 3040 efficias,
608 2966 649 3024 ut
666 2952 744 3036 itte,
771 2975 904 3052 genere
928 2973 1091 3022 mearum
1123 2950 1311 3021 literamun

239 3062 460 3152 incredibili,
482 3061 656 3160 quiddam
677 3060 878 3160 perlectum
894 3058 1161 3160 arbitreturrld
1179 3056 1309 3149 facies,

238 3171 270 3248 si
290 3194 401 3244 omne
421 3195 536 3271 genus
555 3171 797 3258 liberalitatis,
826 3168 927 3268 quod
949 3184 985 3240 et
1011 3167 1058 3240 ab
1084 3169 1311 3242 humanitate

240 3295 278 3354 et
296 3295 473 3380 potestate
491 3297 554 3355 tua
572 3281 752 3382 proficisci
774 3281 923 3380 poterit,
943 3304 1019 3350 non
1037 3278 1148 3351 modo
1165 3303 1226 3368 re,
1247 3277 1311 3352 sed

238 3392 346 3464 etiam
357 3391 489 3482 verbis,
500 3394 604 3465 vultu
617 3393 774 3490 denique
787 3389 1186 3490 exprompseris⁵:qnae
1199 3415 1310 3488 quan·

240 3513 320 3574 tum
335 3505 374 3574 in
390 3503 576 3602 provincia
594 3504 774 3592 valerent,
785 3503 915 3574 vellem
930 3515 1099 3600 expertus
1114 3497 1245 3575 essesl.

278 3739 305 3789 3.
326 3740 461 3792 dederatis
479 3741 683 3804 Publicanornrn,
708 3741 752 3808 qni
794 3741 833 3791 ani
845 3757 932 3804 ιιιιιιι,
945 3755 998 3790 non
1011 3755 1041 3792 ex
1054 3741 1159 3790 allorum
1169 3739 1310 3802 volunta,

241 3817 468 3885 Aniensectigalia
478 3819 617 3887 exigebant.
624 3824 698 3872 Μιιι.
795 3821 988 3884 commendaret,
1003 3821 1099 3885 signum
1116 3820 1244 3884 quoddam
1261 3835 1308 3884 ap-

270 3905 301 3956 4.
314 3899 414 3952 Noun.
431 3903 498 3950 luter
509 3903 652 3952 Ciceronem
664 3913 688 3950 et
699 3905 751 3949 Va·
794 3911 911 3966 ροιιιιει,
922 3911 951 3949 ιιι
964 3915 1048 3965 gaves
1061 3899 1310 3948 commendationes·

241 3975 329 4025 larium
342 3976 686 4044 inAfricamprolieiscentem
694 3993 753 4030 oon·
794 3979 890 4030 levibns
900 3981 1114 4046 dudngoosntur.
1127 3979 1200 4028 Μιιι.

243 4065 355 4114 emm,
373 4067 415 4120 ιιι,
432 4057 521 4122 quibus
537 4059 613 4110 literis
630 4060 752 4111 eiCicero
832 4057 857 4110 5.
871 4061 1065 4125 sapmmpserts.
1075 4056 1308 4123 Mummiam.

242 4133 347 4199 aliquem
362 4151 419 4186 vere
432 4147 506 4203 atquc
521 4153 551 4188 ex
570 4139 661 4190 latino
677 4139 753 4188 culmi
831 4140 857 4189 6.
877 4136 970 4189 Vellent
987 4150 1101 4206 caperem
1117 4153 1188 4188 um.
1208 4135 1246 4185 Ex
1261 4136 1312 4185 hoc
