2882 4920
239 385 285 466 28
319 462 323 472 ,
553 389 602 456 Μ.
628 388 667 456 Τ.
694 387 986 461 CICERONIS

236 506 382 580 datione
400 506 567 579 cumulus
581 506 737 582 accedat.
755 511 818 582 Sin
832 524 952 582 autern
965 522 1117 608 propter
1129 533 1309 582 verecun-

238 616 336 688 diam
358 639 458 686 suam
477 619 599 688 minus
620 642 660 689 se
680 616 746 688 tibi
766 616 919 701 obtulit,
945 634 1008 691 aut
1028 619 1192 692 nondum
1221 645 1310 694 eum

238 731 323 798 satis
341 725 452 800 habes
466 731 672 824 cognitum,
691 742 753 799 aut
765 752 846 825 quae
864 753 971 802 causa
989 744 1059 819 est,
1077 756 1143 804 cur
1161 731 1311 827 majoris

237 835 560 909 commendationis
583 837 765 936 indigeat3
793 839 843 910 sic
868 836 936 910 tibi
962 863 1046 911 eum
1067 838 1310 928 commendo,

233 961 275 1018 ut
285 971 405 1043 neque
419 946 556 1040 majore
567 946 685 1018 studio
700 972 937 1052 quemquam,
954 974 1076 1047 neque
1089 948 1310 1046 justioribus

237 1057 283 1129 de
308 1060 423 1129 causis
447 1055 704 1129 commendare
725 1062 882 1156 possim:
899 1058 1100 1155 faciamque
1124 1060 1181 1148 id,
1206 1061 1313 1156 quod

236 1166 374 1240 debent
388 1165 505 1239 lacere
522 1169 566 1254 ii,
584 1169 650 1264 qni
665 1167 834 1264 religiose
845 1183 882 1240 et
895 1170 972 1240 sine
986 1167 1185 1240 ambitione
1205 1191 1310 1238 com-

234 1276 418 1350 mendant.
441 1277 639 1375 spondebo
667 1279 764 1348 enim
791 1278 875 1367 tibi,
900 1278 958 1349 vel
977 1280 1100 1377 potius
1123 1276 1310 1378 spondeo,

235 1392 275 1459 in
290 1412 424 1483 meque
442 1391 599 1487 recipio,
619 1414 682 1460 eos
706 1413 783 1460 esse
799 1387 858 1460 Μ’.
872 1391 972 1460 Curii
991 1412 1128 1476 mores,
1150 1412 1310 1484 eamque

235 1511 313 1568 tum
331 1496 571 1596 probitatem,
589 1513 667 1570 tum
683 1504 789 1570 etiam
807 1497 1090 1598 humanitatem,
1110 1513 1152 1569 ut
1168 1521 1252 1568 eum
1270 1513 1310 1569 et

235 1609 393 1678 amicitia
408 1621 489 1696 tua,
506 1624 543 1680 et
563 1622 635 1680 tarn
658 1625 823 1680 accurata
837 1607 1176 1694 commendatione,
1193 1607 1221 1678 si
1240 1606 1309 1702 tibi

236 1719 282 1790 sit
308 1722 499 1814 cognitus,
530 1718 682 1816 dignum
712 1719 760 1791 sis
789 1721 1068 1791 existimaturos.
1098 1717 1188 1788 Mihi
1208 1732 1309 1789 certe

235 1829 476 1924 gratissimum
502 1826 647 1915 leceris,
672 1829 703 1898 si
726 1826 960 1916 intellexero,
988 1826 1053 1898 has
1077 1826 1197 1898 literas
1225 1841 1308 1896 tan-

235 1949 334 2025 turn,
350 1951 530 2034 quantum
548 1937 711 2010 scribens
725 1935 972 2026 confidebam,
992 1935 1089 2036 apud
1107 1949 1143 2008 te
1162 1935 1310 2035 pondus

236 2045 417 2120 habuisse.
895 2063 896 2068 ’

236 2229 1307 2252 mmmmmmm

520 2413 825 2496 EPISTOLA
857 2416 1026 2496 XVlll.

235 2581 351 2640 Gratias
367 2582 439 2659 agit,
454 2580 535 2660 quod
552 2582 662 2661 optima
682 2582 714 2641 in
732 2582 861 2642 Atticum
878 2584 1029 2642 voluntate
1043 2583 1099 2655 sit,
1113 2601 1215 2660 quem,
1234 2580 1307 2641 dum

278 2678 475 2738 commendari
488 2678 560 2738 dicit
573 2699 689 2739 necesse
702 2700 761 2740 non
775 2701 854 2753 esse,
875 2699 911 2738 eo
922 2679 988 2756 ipso
1004 2678 1089 2738 valde
1103 2678 1308 2750 commendat,

277 2793 337 2850 qno
353 2773 472 2832 Servius
489 2774 515 2832 ei
535 2793 629 2852 neque
647 2774 677 2832 in
691 2775 864 2852 Epiroticis,
883 2793 978 2852 neque
994 2773 1025 2831 in
1040 2773 1104 2832 aliis
1122 2772 1210 2832 rebus
1222 2773 1307 2832 desit.

281 2872 409 2953 (Romae,
423 2890 500 2929 anno
515 2875 552 2930 U.
565 2875 597 2931 C.
612 2877 691 2947 707.)

568 3053 725 3118 CICERO
745 3051 922 3118 SERV10¹
943 3053 975 3118 S.

167 3223 172 3228 ·
211 3157 221 3180 κ
285 3193 368 3263 Non
393 3187 606 3275 concedam,
635 3204 677 3260 ut
707 3190 827 3260 Attico
859 3201 1007 3274 nostro,
1034 3211 1144 3285 quem
1173 3185 1309 3257 elatum

238 3303 359 3373 laetitia
378 3299 475 3384 vidi,
506 3298 740 3394 jucundiores
761 3313 830 3369 tuae
853 3300 1069 3369 suavissimae
1097 3296 1141 3367 ad
1164 3321 1249 3368 enm
1272 3310 1310 3368 et

238 3410 497 3482 humanissime
514 3409 652 3506 scriptae
668 3407 778 3479 literae
787 3463 797 3496 ,
806 3406 962 3494 suerint,
976 3432 1086 3504 quam
1099 3406 1201 3476 mihi.
1214 3408 1309 3478 Nam

238 3521 306 3592 etsi
324 3520 468 3617 utrique
486 3532 651 3588 nostrum
666 3542 780 3618 prope
796 3541 898 3614 aeque
918 3531 1023 3614 gratae
1043 3531 1146 3587 erant
1161 3544 1169 3586 ε
1185 3528 1309 3586 tamen

239 3655 307 3729 ego
328 3627 531 3700 admirabar
553 3631 681 3725 magis,
711 3643 769 3716 te,
801 3629 903 3723 quasi
924 3640 1089 3724 rogatus,
1116 3639 1179 3696 aut
1206 3640 1304 3696 certe

113 3833 121 3844 ἱ
239 3739 465 3828 admonitus,
488 3736 685 3811 liberaliter
703 3741 822 3809 Attico
843 3734 1092 3835 respondisses
1113 3732 1228 3833 (quod
1250 3748 1305 3806 ta·

277 3975 302 4009 t.
320 3960 408 4008 Senio.
426 3960 520 4024 Nempe
540 3957 663 4023 Sulpicio,
682 3959 752 4019 cnjus
796 3969 880 4018 eram,
904 3959 930 4005 in
951 3957 1079 4023 provincia
1098 3937 1311 4020 Sulpicii'Achaie

238 4054 381 4106 prenomen
389 4037 469 4088 solnm
478 4038 567 4088 Cicero
580 4037 688 4086 adhibet.
696 4037 752 4101 Epi·
796 4049 855 4086 erat.
871 4036 933 4086 atta
946 4048 1003 4084 sont
1016 4035 1089 4099 epist.
1101 4034 1133 4082 ad
1146 4033 1213 4084 banc
1229 4035 1311 4099 Sulpi-

240 4133 294 4180 rns,
312 4118 339 4166 in
360 4133 408 4183 qne
429 4117 478 4166 lere
496 4117 577 4166 omnia
591 4117 669 4166 Attici
687 4116 751 4167 bona
796 4118 878 4178 ciunt,
893 4115 976 4174 lib.V‚
991 4129 1088 4180 pseqq.
1104 4115 1149 4162 En.
