2882 4920
269 407 317 490 44
588 410 635 478 Μ.
658 409 697 476 Τ.
723 408 1016 480 CICERONIS

267 527 363 598 tonis
376 540 507 624 praesto
520 523 657 616 fuit,et
670 531 809 625 patuit‘·
822 545 859 600 et
868 525 1167 626 temporibus‚et
1180 526 1336 601 fortune

269 659 368 706 mete.
393 633 509 730 Hujus
527 638 757 735 propinquus
772 635 842 708 fuit
857 641 896 708 T.
919 637 1115 709 Antistius:
1138 639 1202 736 qui
1220 663 1337 736 quum

268 757 367 816 sorte
389 759 547 842 quaestor
567 746 815 818 Macedoniam
834 745 1037 836 obtineret,
1059 773 1180 846 neque
1199 753 1234 820 ei
1252 774 1336 822 suc·

268 878 409 926 cessum
422 869 532 941 esset,
544 859 737 954 Pompeius
752 860 790 928 in
805 881 884 928 eam
904 857 1126 954 provinciam
1141 881 1226 929 cum
1239 882 1339 929 exer·

269 965 345 1034 citu
363 968 473 1036 venit.
494 971 623 1036 Facere
640 968 815 1039 Antistius
834 965 925 1037 nihil
943 968 1075 1064 potuit.
1094 971 1206 1053 Nam,
1222 970 1250 1037 si
1270 992 1338 1065 po-
1371 963 1379 976 '

267 1075 407 1162 tuisset,
422 1074 511 1145 nibil
524 1076 556 1147 ei
569 1075 693 1148 luisset
705 1079 903 1175 antiquius,
918 1099 1029 1174 quam
1040 1074 1086 1145 ad
1099 1077 1339 1174 Capitonem,

269 1209 381 1282 quem
395 1201 436 1258 ut
450 1200 637 1282 parentem
647 1186 837 1285 diligebat,
846 1187 980 1259 reverti
992 1213 1000 1256 ε
1011 1189 1210 1285 praesertim
1222 1211 1338 1283 quum

270 1295 396 1378 sciret,
416 1296 543 1391 quanti
556 1297 585 1367 is
602 1302 776 1370 Ctesarem
791 1295 942 1384 faceret,
954 1320 1171 1394 semperque
1185 1294 1339 1368 fecisset.

271 1399 342 1473 Sed
360 1427 577 1503 oppressus,
599 1421 741 1478 tanturn
764 1409 880 1505 attigit
902 1407 1056 1504 negotii,
1078 1421 1256 1504 quantum
1282 1432 1340 1478 re-

271 1535 395 1584 cusare
409 1539 486 1584 non
501 1516 632 1612 potuit.
643 1519 766 1606 Quum
783 1515 1008 1615 signaretur⁵
1030 1531 1219 1614 argentum
1234 1516 1343 1615 Apol·

271 1621 395 1711 Ioniae,
425 1648 500 1696 nou
527 1650 677 1724 possum
704 1629 841 1713 dicere,
872 1653 955 1700 eum
984 1625 1187 1726 praefuisse,
1222 1651 1343 1723 neque

271 1757 421 1830 possum
440 1760 571 1833 negare
591 1735 756 1826 affuisse3
775 1736 930 1808 sednon
949 1737 1031 1835 plus
1048 1734 1193 1807 duobus
1212 1761 1257 1806 an
1276 1737 1342 1807 tri·

270 1840 341 1913 bus
360 1843 554 1916 mensibus.
584 1846 723 1917 Deinde
751 1844 914 1917 abluite
942 1847 1093 1922 castris:
1121 1844 1211 1943 fugit
1234 1870 1344 1916 omne

273 1957 470 2049 negotium.
486 1960 564 2026 Hoc
578 1954 666 2026 mibi
680 1971 722 2027 ut
735 1959 818 2028 testi
833 1956 941 2027 velim
957 1955 1094 2028 credas.
1114 1959 1232 2026 Meam
1246 1958 1343 2027 enim

273 2062 334 2134 ille
356 2065 564 2136 moestitiam
586 2067 623 2136 in
649 2064 712 2136 illo
732 2064 830 2137 bello
859 2065 1028 2154 videbat,
1052 2089 1194 2136 mecum
1220 2069 1346 2138 omnia

273 2172 578 2245 communicabat.
603 2179 730 2271 Itaque
749 2173 889 2245 abdidit
911 2201 949 2246 se
975 2176 1014 2245 in
1037 2176 1201 2245 intimam
1224 2178 1346 2246 Mace·

274 2281 444 2368 doniam,
463 2306 538 2378 quo
561 2285 683 2380 potuit
705 2283 913 2382 longissime
931 2309 951 2355 a
970 2287 1112 2374 castris,
1136 2309 1212 2356 non
1234 2285 1347 2356 modo

275 2404 406 2461 utnon
422 2406 590 2489 preesset
599 2392 662 2463 ulli
676 2395 835 2490 negotio,
846 2393 908 2466 sed
922 2395 1028 2466 etiam
1040 2408 1083 2465 ut
1095 2419 1142 2465 ne
1157 2397 1349 2466 interesset

276 2499 434 2597 quidem.
448 2505 484 2573 ls
496 2516 579 2600 post
594 2503 756 2600 pralium
775 2527 814 2576 se
827 2503 872 2576 ad
886 2503 1073 2576 bominem
1088 2505 1348 2588 necessarium,
1400 2558 1404 2571 .

274 2613 317 2680 A.
338 2609 535 2701 Plautium,
555 2612 594 2682 in
619 2612 821 2710 Bithyniam
844 2613 1009 2686 contulit.
1040 2613 1095 2685 Ibi
1120 2639 1204 2685 eum
1228 2617 1350 2686 Ctesar

277 2743 393 2817 quum
406 2721 568 2812 vidisset,
578 2723 668 2794 nibil
679 2748 822 2822 aspere,
837 2724 926 2795 nihil
940 2723 1069 2797 acerbe
1083 2722 1183 2795 dixit.
1196 2727 1349 2795 Romam

276 2831 382 2926 jussit
394 2835 528 2906 venire.
540 2833 604 2906 llle
615 2835 654 2904 in
667 2833 838 2905 morbum
856 2837 1032 2906 continuo
1049 2832 1198 2905 incidit:
1215 2857 1258 2904 ex
1272 2857 1351 2930 quo

279 2965 356 3012 non
371 2945 565 3014 convaluit.
582 2947 688 3040 AEger
701 2949 894 3040 Corcyram
910 2946 1008 3015 venit
1018 2971 1027 3031 3
1038 2943 1089 3013 ibi
1102 2956 1157 3014 est
1169 2955 1348 3013 mortuus.

281 3055 522 3142 Testament0,
532 3053 634 3151 quod
646 3057 768 3124 Romae
779 3053 902 3124 Paullo
914 3066 948 3124 ct
956 3053 1126 3124 Marcello
1138 3049 1352 3123 consulibus

281 3159 435 3252 fecerat,
457 3163 562 3235 heres
577 3189 620 3234 ex
641 3178 742 3260 parte
760 3162 907 3236 dimidia
923 3179 959 3235 et
978 3159 1106 3233 tertia⁶
1125 3175 1179 3233 est
1201 3161 1350 3259 Capito:

317 3336 341 3386 t.
354 3325 478 3376 Benediot.
486 3327 660 3391 preferendam
672 3326 744 3376 duxit
756 3328 791 3377 le·
834 3339 895 3385 tem,
907 3327 1060 3384 dextantem,
1073 3325 1200 3374 deuncem.
1209 3323 1267 3383 Parq
1274 3321 1355 3386 igitur

281 3409 388 3456 ctionem
413 3407 575 3473 plurimomm
597 3404 673 3455 codd.
690 3406 788 3471 paruit.
834 3406 978 3456 hereditatis
996 3405 1099 3454 dimidie
1122 3414 1147 3452 et
1169 3401 1257 3461 tertia,
1278 3402 1299 3449 ai
1320 3401 1354 3450 ab

281 3485 371 3538 sotto
396 3485 496 3550 recepit.
519 3483 618 3534 Nollem
641 3485 741 3536 factum.
765 3489 789 3536 J.
835 3487 894 3535 aaaia
911 3485 1022 3550 partibus
1037 3493 1155 3542 vocetur,
1172 3482 1219 3530 erit
1234 3481 1307 3528 semis
1327 3493 1354 3530 et

281 3567 313 3614 V.
327 3569 355 3614 1..
835 3565 928 3626 triens,
938 3563 992 3622 vel,
1009 3564 1085 3612 unico
1094 3560 1230 3620 vocabulo,
1242 3559 1354 3608 dextaua.

317 3645 341 3692 5.
356 3645 434 3707 Qum
444 3643 589 3708 signaretur.
597 3644 706 3708 Pompeii
714 3644 790 3705 juaau.
836 3648 990 3710 Quamquam
1003 3658 1082 3706 neqtm
1096 3642 1251 3698 dextantem,
1272 3655 1355 3702 neque

316 3723 342 3773 o.
354 3725 396 3771 Ex
401 3735 476 3788 pum
485 3721 589 3770 drinidia
601 3723 715 3771 cererem.
728 3723 792 3772 Tota
837 3724 965 3784 deuncem,
975 3739 1055 3786 neque
1064 3722 1239 3785 quincuncem,
1253 3729 1357 3782 septura-

280 3803 403 3852 lrereditaa
415 3803 512 3852 nomine
523 3805 583 3851 aaais
592 3816 700 3863 vocatur,
712 3814 793 3868 panea
836 3819 898 3864 cem,
913 3801 1017 3859 bessem
1027 3817 1075 3866 pro
1086 3798 1199 3864 partibus
1211 3795 1358 3846 hereditatis

280 3893 361 3932 autem
383 3881 523 3932 hereditatis
549 3899 564 3931 a
590 3883 702 3948 partibus
725 3883 792 3932 acaia.
837 3881 950 3946 usurpari
967 3879 1121 3929 aucteribua
1134 3878 1225 3936 vide03
1244 3875 1287 3924 aed
1301 3885 1359 3924 tau·

281 3961 407 4012 Dividitur
419 3961 446 4008 in
457 3963 793 4026 unciam,aextantem,qua·
839 3971 890 4009 tum
911 3960 977 4017 bec,
998 3959 1109 4016 unciam,
1129 3967 1277 4010 sextantem,
1293 3971 1355 4018 qua·

282 4041 405 4104 drantem,
416 4043 541 4104 trientem,
558 4045 738 4107 quincuncem,
756 4059 794 4092 ce·
837 4041 960 4100 drautem,
970 4040 1097 4098 trientem,
1107 4038 1238 4094 aemiaaem,
1248 4032 1358 4084 elodnu·

277 4120 393 4183 niuem,
407 4133 560 4190 septuncem,
569 4123 677 4184 beatem
686 4122 793 4174 dodran·
837 4131 894 4182 tem,
903 4136 989 4170 macru.
1001 4120 1070 4168 Mas.
