2882 4920
591 420 639 488 Μ.
665 419 705 487 Τ.
732 418 1010 492 CICERONIS

520 890 524 906 Ι
571 783 874 864 semrom
909 785 1033 866 xix.

262 959 367 1032 Rogat,
383 961 418 1009 ut
431 953 594 1025 Lysonem,
609 965 696 1023 quem
710 957 795 1004 antea
810 941 1082 1019 commendaverat,
1100 945 1132 1004 in
1146 943 1232 1005 iidem
1244 960 1275 1006 et
1288 968 1337 1006 ne-

414 1041 617 1104 cessitudinem
630 1041 762 1120 recipiat.
775 1045 900 1125 (Romae,
913 1060 991 1099 auno
1004 1045 1042 1102 U.
1055 1043 1089 1101 C.
1102 1043 1184 1121 707.)

460 1226 506 1292 M.
516 1227 555 1291 T.
574 1227 610 1292 C.
627 1224 748 1291 suiv,
764 1225 965 1291 SULPICIO
989 1225 1022 1292 S.
1040 1227 1075 1290 P.
1093 1226 1134 1292 D.

216 1413 221 1428 ·
310 1379 395 1448 Com
418 1375 584 1468 Lysone¹
605 1369 767 1440 Patrensi
788 1381 842 1439 est
858 1367 951 1439 mihi
970 1366 1119 1466 quidem
1135 1365 1335 1467 hospitium

259 1501 385 1572 vetus3
418 1505 528 1580 quam
555 1504 624 1578 ego
654 1477 958 1551 necessitudinem
990 1493 1113 1551 sancte
1145 1479 1334 1552 colendam

259 1609 362 1695 puto.
380 1591 451 1664 Sed
466 1615 509 1662 ea
525 1614 633 1661 causa
648 1589 758 1660 etiam
773 1613 859 1660 eum
875 1588 953 1661 aliis
967 1588 1239 1690 compluribus²
1254 1618 1263 1662 τ
1281 1588 1334 1664 la·

259 1706 444 1776 miliaritas
462 1713 561 1772 tanta
579 1699 683 1770 nullo
698 1723 783 1770 cum
804 1697 970 1797 hospite;
998 1713 1034 1770 et
1052 1725 1094 1771 ea
1112 1725 1228 1798 quum
1251 1699 1334 1772 offi-

259 1818 323 1888 ciis
341 1815 419 1912 ejus
436 1811 579 1897 multis,
605 1825 685 1881 tum
705 1813 813 1881 etiam
834 1809 1101 1882 consuetudine
1121 1811 1334 1909 quotidiana

258 1929 309 2000 sic
324 1940 380 1999 est
395 1939 520 2011 aucta,
534 1932 578 1994 ut
593 1920 684 1991 nihil
706 1923 752 1991 sit
769 1916 1008 1992 familiaritate
1027 1935 1152 1992 nostra
1173 1921 1332 2017 conjun-

257 2043 362 2111 ctius.
394 2039 429 2106 Is
450 2056 564 2133 quum
587 2035 709 2102 Romae
730 2055 866 2102 annum
893 2054 1010 2130 prope
1042 2031 1091 2101 ita
1120 2027 1265 2118 fuisset,
1291 2045 1333 2103 ut

258 2171 404 2220 mecum
422 2147 580 2230 viveret,
609 2145 676 2213 etsi
694 2163 838 2212 eramus
863 2141 901 2210 in
925 2165 1056 2239 magna
1075 2163 1158 2238 spe,
1188 2155 1223 2213 te
1239 2143 1330 2214 meis

253 2258 366 2330 literis
383 2249 774 2346 commendationeque
789 2247 1061 2346 diligentissime
1075 2248 1277 2339 facturum,
1294 2249 1330 2322 id

256 2365 358 2466 quod
372 2363 506 2451 fecisti,
520 2375 562 2432 ut
576 2359 655 2457 ejus
671 2383 749 2430 rem
762 2373 798 2429 et
811 2355 977 2430 fortunas
991 2357 1152 2431 absentis
1170 2373 1329 2433 tuerere:

255 2493 378 2550 tamen
397 2469 499 2570 quod
519 2474 557 2541 in
576 2465 701 2542 unius³
716 2481 895 2567 potestate
911 2482 1013 2539 erant
1027 2469 1161 2554 omnia,
1176 2483 1213 2541 et
1229 2469 1331 2566 quod

255 2592 351 2684 Lyso
367 2581 484 2654 fuerat
497 2583 535 2650 in
545 2593 670 2651 nostra
683 2579 807 2650 causa⁴
824 2581 1031 2673 nostrisque
1044 2577 1228 2674 praesidiis,
1236 2601 1330 2675 quo·

253 2697 341 2770 tidie
355 2689 493 2791 aliquid
509 2687 737 2762 timebamus.
755 2685 935 2759 Effectum
952 2702 1072 2758 tamen
1093 2701 1146 2759 est
1162 2703 1199 2761 et
1214 2692 1331 2789 ipsius

253 2804 460 2908 splendore,
479 2815 518 2873 et
534 2814 661 2872 nostro
678 2799 981 2896 reliquorumque
997 2796 1189 2896 hospitum·
1196 2799 1329 2886 studio,

252 2934 294 2990 ut
316 2916 462 3002 omnin,
481 2935 563 3009 quae
587 2911 785 2998 vellemus,
810 2933 831 2979 a
856 2912 996 2980 Caesare
1027 2907 1330 3006 impetrarentur:

249 3025 352 3126 quod
370 3019 547 3120 intelliges
564 3045 610 3092 ex
627 3023 671 3092 iis
688 3020 818 3105 literis,
829 3043 919 3117 quas
938 3022 1056 3089 Caesar
1071 3018 1117 3089 ad
1137 3032 1173 3092 te
1192 3020 1294 3093 dedit
1302 3019 1327 3092 ⁵.

250 3142 361 3211 Nunc
378 3159 452 3206 non
467 3131 578 3203 modo
592 3155 669 3202 non
683 3131 902 3204 remittimus
915 3126 983 3200 tibi
996 3127 1135 3226 aliquid
1145 3155 1189 3202 ex
1204 3146 1330 3204 nostra

251 3241 585 3329 commendatione,
607 3245 710 3339 quasi
728 3239 851 3339 adepti
864 3237 940 3335 jam
959 3243 1100 3327 omnia;
1122 3239 1251 3314 sedeo
1264 3267 1327 3315 ve-

289 3458 312 3490 ι.
325 3439 385 3488 Cum
395 3439 498 3499 Lysone.
513 3437 538 3483 Is
550 3435 641 3500 sapius
653 3437 766 3484 nomina·
848 3441 874 3490 5.
888 3440 956 3502 Quas
973 3439 1107 3489 &sarad
1119 3453 1142 3489 ta
1156 3441 1232 3491 dedit.
1244 3446 1330 3493 Potest

249 3533 291 3570 tur
315 3519 342 3568 in
364 3515 474 3582 epistolis
499 3513 531 3562 ad
551 3516 665 3562 Tironem
688 3514 767 3564 Patris
810 3535 850 3566 eas
860 3518 1185 3585 litmsCaenriuHiapania
1194 3524 1329 3588 scripsisse,

251 3609 416 3666 aegrotantem.
423 3593 464 3643 Ad
474 3593 531 3642 niv.
539 3595 601 3641 xvi
605 3603 637 3656 ,t
649 3605 673 3643 et
685 3593 710 3643 5.
720 3595 765 3642 En.
810 3596 853 3646 scd
865 3598 1020 3647 verisimilius
1038 3611 1091 3663 est,
1109 3599 1135 3648 in
1149 3601 1235 3652 Urbe:
1249 3619 1329 3667 quum

284 3695 311 3727 a.
330 3673 421 3726 sehin
441 3670 572 3736 legendum
589 3683 676 3738 putat,
693 3669 765 3720 ·sed
810 3677 877 3726 dieat
895 3678 996 3740 Cicero,
1020 3703 1033 3726 α
1045 3683 1075 3730 Et
1092 3691 1194 3742 nostro,
1221 3684 1334 3748 reliquo-¹

248 3775 277 3808 a
290 3770 361 3804 musa
375 3751 511 3800 eommunis
529 3767 586 3798 cnm
602 3750 634 3800 al.
650 3749 742 3814 compl.
753 3771 765 3792 ·
809 3772 912 3820 rumque
931 3757 1058 3823 hospitum
1076 3759 1159 3808 studio
1168 3780 1190 3809 ι.
1211 3762 1287 3825 Quod
1305 3763 1327 3810 si

248 3836 310 3895 vd,
322 3857 335 3877 ι
344 3830 391 3882 sed
405 3847 433 3880 ea
446 3831 517 3879 etiam
527 3830 649 3879 comdiis
658 3829 767 3894 complu·
808 3835 844 3882 im
855 3845 906 3897 est,
918 3835 966 3886 ivit
974 3837 1098 3904 Sulpicius
1107 3840 1133 3886 in
1141 3839 1270 3898 Achaiam,
1281 3857 1327 3890 an-

250 3915 349 3965 fibm».
361 3912 422 3961 J.v.
434 3912 463 3959 L.
809 3923 908 3979 taquam
921 3915 947 3962 in
961 3917 1104 3982 Hispaniam
1114 3915 1164 3984 (ep.
1177 3929 1192 3974 t
1205 3917 1248 3966 lib.
1260 3921 1324 3986 IV):

281 3996 307 4043 3.
322 3995 353 4040 In
367 3989 447 4038 unius.
459 3989 568 4039 Carris·
807 3995 895 4042 mansit
904 4009 982 4059 usquo
991 3996 1023 4044 ad
1032 3997 1126 4044 exitum
1135 3997 1201 4046 belli.
1211 3999 1283 4059 nin,
1294 4012 1326 4049 ut

284 4081 310 4129 4.
323 4069 419 4118 Nostra
427 4084 513 4117 causa.
526 4067 621 4132 Nempe
634 4067 762 4134 Pompeio·
808 4071 915 4120 diximus
924 4073 990 4134 jan,
1003 4075 1084 4125 Cur
1096 4088 1121 4125 et
1133 4076 1273 4142 Sulpicius,
1282 4078 1326 4126 laio

245 4166 342 4202 norum.
351 4149 410 4198 aer.
807 4165 839 4200 ex
848 4151 949 4214 Achaia,
962 4153 1004 4204 ille
1013 4155 1091 4204 masis
1103 4171 1133 4206 ex
1142 4157 1259 4224 Hispanis
1268 4158 1325 4208 lite-
