2882 4920
392 427 671 514 EPISTOLAE‚
695 430 819 514 XIII,
844 453 876 497 a.
1148 419 1181 498 5'

100 573 202 636 rum,
213 545 379 618 subitum
395 543 473 617 est³
486 548 520 618 ei
533 549 727 644 remigrare
740 545 810 619 kal.
824 550 967 647 quint.⁴
984 549 1171 648 impedior

100 655 342 744 verecundia,
361 668 460 727 nete
479 654 647 754 pluribus
666 656 788 729 verbis
805 681 945 755 rogem.
970 664 1099 759 Neque
1117 675 1168 731 ta-

101 789 184 838 men
205 764 357 853 dubito,
374 767 491 861 quin,
507 768 537 836 si
555 781 618 844 tua
637 766 749 858 nihil,
768 783 927 846 autnon
942 770 1098 841 multum
1117 774 1171 841 iu·

100 879 219 960 tersit,
241 899 286 948 eo
302 878 349 947 sis
371 876 510 960 animo,
531 900 608 973 quo
631 900 699 974 ego
718 901 857 967 essem,
877 881 908 950 si
933 879 1025 976 quid
1051 893 1090 952 tu
1112 905 1171 950 me

100 1009 257 1084 rogares.
275 983 366 1056 Mihi
383 997 481 1056 certe
499 986 742 1083 gratissimum
759 985 899 1062 tecerts.
913 990 1012 1063 Vale.

135 1187 162 1235 3.
171 1183 284 1234 Sabim
293 1195 336 1234 est.
347 1181 428 1234 Nimis
440 1195 541 1248 anguet·
553 1199 615 1250 prn-
657 1175 696 1226 dt
709 1177 826 1243 quintiles
842 1179 869 1228 in
881 1179 949 1230 Urbe
962 1139 1056 1244 orimur
1067 1192 1120 1228 erat
1138 1181 1173 1230 lo-

102 1263 170 1313 t'min
190 1263 245 1313 dier
262 1264 333 1324 neit,
354 1273 382 1311 ut
399 1261 508 1312 abiron
523 1263 555 1311 rit
576 1263 614 1311 tn-
657 1258 782 1307 auom
794 1258 855 1308 dier.
863 1259 904 1322 td
917 1261 948 1322 Q.
959 1263 996 1309 Fr.
1009 1260 1089 1324 spire.
1100 1262 1114 1309 ³
1124 1260 1169 1310 lib.

102 1343 261 1392 modurn
277 1341 311 1391 ob
331 1342 447 1406 tempor'u
463 1341 615 1391 brevium.
657 1342 699 1388 11:
714 1339 1173 1406 «ruttuquimmmtomum

103 1425 212 1474 Itum.
657 1419 860 1484 commigrabien,
879 1419 928 1470 Iron
945 1430 998 1481 ert,
1017 1419 1089 1478 Iinito
1103 1421 1172 1469 lora-

136 1510 162 1558 4.
179 1500 241 1551 Kal.
262 1497 341 1566 quire.
359 1497 482 1549 Mein
499 1497 615 1548 Evandro
658 1497 733 1547 tionis
746 1509 857 1564 ternpore
866 1498 1057 1564 denigrantibus
1066 1499 1106 1560 iis,
1116 1498 1172 1564 qni·

105 1579 157 1641 dir,
174 1577 371 1646 guernetario
383 1579 505 1644 migraret.
519 1577 615 1628 nter·
657 1575 704 1626 Itnr
716 1577 978 1638 miqetreneMu.

104 1772 1172 1798 *mmmmm*

434 1952 723 2034 EPISTOLA
749 1955 835 2034 III.

106 2135 218 2196 Fufium
228 2131 424 2205 commendat,
436 2151 525 2211 quem
536 2145 566 2190 et
575 2143 642 2190 ante
653 2149 780 2209 praesens
794 2129 931 2209 presenti
945 2131 1171 2192 commendarat

292 2224 469 2306 (Leodieeae,
484 2241 562 2283 anno
578 2227 617 2284 U·
633 2227 666 2284 C.
679 2224 754 2298 703,
770 2241 869 2284 mense
882 2222 981 2304 meio.)

355 2429 401 2496 Μ.
412 2429 451 2494 Τ.
467 2429 502 2494 C.
521 2427 558 2494 C.
574 2427 758 2493 MEMMIO
778 2427 812 2495 S.
829 2427 866 2496 P.
884 2427 926 2494 D.

152 2587 195 2654 A.
214 2587 356 2653 Furtum
367 2591 392 2670 ¹,
417 2603 534 2653 unum
551 2605 597 2653 ex
615 2584 707 2653 meis
725 2581 879 2671 intimis,
905 2580 1176 2654 observantissi-

107 2722 209 2769 mum
226 2694 602 2793 studiosissimumque
616 2698 752 2784 nostri,
768 2695 952 2768 eruditum
969 2694 1174 2784 hominem,

106 2821 143 2878 et
159 2830 300 2878 stamma
316 2804 561 2892 humanitate,
580 2819 716 2904 tuaque
733 2807 889 2906 amiqitia
903 2804 1175 2904 dignissimum,
1280 2817 1286 2832 '

105 2917 216 2989 veiim
235 2917 285 2986 ita
301 2929 452 3002 tractes,
475 2929 518 2987 ut
535 2914 625 2986 mihi
642 2939 765 2988 coram
780 2916 960 3014 recepisti.
983 2919 1071 2986 Tam
1093 2939 1173 3013 gra·

106 3042 186 3099 tum
204 3025 293 3096 mihi
315 3023 353 3098 id
377 3027 463 3112 erit,
497 3048 607 3122 quam
631 3025 735 3123 quod
757 3025 1011 3122 gratissimum.
1047 3029 1174 3124 Ipsum

104 3150 280 3235 praterea
296 3157 438 3206 summo
456 3131 578 3206 officio
596 3148 633 3206 et
651 3147 791 3207 summa
809 3134 1038 3208 observantia
1052 3134 1117 3208 tibi
1136 3138 1173 3205 in

106 3259 327 3346 perpetuum
342 3245 577 3317 devinxeris².
597 3243 697 3317 Vale.

144 3449 169 3483 1.
189 3435 224 3483 A.
238 3432 343 3501 Fufium.
363 3430 412 3480 Hie
433 3431 513 3480 Anius
535 3427 619 3479 Fufius
663 3431 747 3482 varro
765 3431 809 3482 tibi
826 3433 1012 3496 inperpetuum
1030 3431 1175 3480 devinxeris.

108 3513 164 3578 quir
173 3512 264 3572 fnefit,
280 3511 352 3576 plane
363 3511 499 3576 ignoratur.
514 3511 560 3560 Eo.
663 3512 700 3560 Ut
710 3521 734 3560 te
745 3513 772 3560 in
783 3523 929 3578 perpetuum
943 3526 1038 3560 mmmo
1054 3508 1139 3558 officio
1150 3519 1176 3558 et

142 3607 168 3641 a.
180 3593 280 3640 &rm
292 3588 376 3659 officio
389 3601 415 3639 et
424 3605 521 3639 summa
538 3588 619 3638 obser·
662 3605 756 3642 snmrna
769 3592 923 3642 observantia
934 3591 1008 3652 eolat,
1016 3588 1116 3640 efficio.
1127 3591 1175 3640 En.

507 3823 796 3856 w
