2882 4920
259 423 303 494 16
570 424 618 492 M.
645 425 683 492 T.
710 424 1007 499 CICERONIS

255 546 351 617 enim
370 567 415 614 ex
435 541 562 622 ceteris
582 539 854 630 societatibus⁴3
877 559 914 616 et
935 569 1019 616 casu
1039 544 1213 643 permulti
1236 559 1323 617 sunt

253 657 292 726 in
307 676 349 726 eu
364 651 534 724 societate
553 649 654 722 valde
671 649 761 722 mihi
775 649 986 743 familiares,
1000 655 1038 725 in
1060 655 1259 752 primisque
1273 657 1322 742 is,

255 764 359 859 cujus
375 761 598 860 praecipuum
616 757 779 832 officinm
796 762 915 860 agitur
928 762 1000 834 hoc
1011 777 1190 861 tempore,
1200 767 1236 834 P.
1253 769 1335 840 Ru.

256 874 379 972 pilius,
398 876 433 943 Ρ.
450 875 488 942 F.
511 867 632 941 Men.⁵
652 871 717 968 qui
741 884 797 942 est
817 876 987 971 magister
1009 875 1048 943 in
1071 898 1114 946 ea
1140 875 1323 946 societate.

257 986 345 1075 Quae
366 1005 482 1080 quum
504 981 552 1051 ita
575 979 662 1069 sint,
684 980 723 1050 in
745 981 919 1076 majorem
940 983 1092 1055 modum
1114 1009 1134 1055 a
1155 999 1191 1055 te
1211 999 1325 1082 peto,

212 1169 215 1180 ,
255 1091 501 1189 Cn.Pupium‚
519 1093 584 1188 qui
601 1105 656 1162 est
674 1091 712 1160 in
727 1089 867 1190 operis⁶
885 1092 965 1188 ejus
985 1095 1184 1182 societatis,
1204 1097 1324 1164 omni·

255 1205 325 1276 bus
345 1206 415 1274 tuis
434 1197 563 1272 officiis
581 1214 690 1299 atque
710 1205 811 1275 omni
829 1201 1041 1276 liberalitate
1061 1220 1196 1293 tueare,
1206 1229 1328 1276 cures·

257 1339 350 1415 que,
371 1324 413 1382 nt
433 1309 512 1405 ejus
533 1334 667 1409 operae,
682 1311 780 1411 quod
795 1311 862 1385 tibi
880 1311 983 1387 facile
1001 1314 1100 1388 factu
1120 1331 1192 1403 est,
1215 1339 1325 1414 quam

256 1425 461 1523 gratissimae
476 1423 548 1492 sint
562 1423 682 1508 sociis;
696 1446 869 1520 remque,
884 1438 921 1496 et
934 1425 1128 1497 utilitatem
1143 1426 1330 1496 sociorum

255 1532 388 1631 (cujus
402 1535 455 1603 rei
469 1545 642 1628 quantam
660 1546 877 1629 potestatem
892 1549 1052 1633 quaestor
1070 1532 1222 1624 habeat,
1251 1557 1329 1604 non

210 1693 216 1712 .
258 1667 339 1716 snm
356 1646 543 1738 ignarus),
560 1664 628 1739 per
649 1654 813 1739 tequam
830 1649 987 1716 maxime
1005 1642 1191 1718 defensam
1207 1657 1243 1715 et
1265 1667 1330 1715 au-

259 1768 353 1827 ctam
371 1749 468 1822 velis.
500 1748 543 1820 ld
563 1773 680 1848 quum
699 1751 791 1822 mihi
814 1757 1057 1851 gratissimum
1081 1751 1224 1832 feceris.
1251 1767 1330 1823 tum

260 1861 351 1935 illud
375 1857 442 1932 tibi
472 1872 644 1959 expertus
670 1864 847 1958 promitto
876 1877 914 1934 et
937 1862 1121 1962 spondeo,
1149 1877 1186 1934 te
1214 1867 1332 1934 socios

262 1973 456 2070 Bithyniae,
472 1975 503 2042 si
520 1973 563 2044 iis
580 1971 839 2064 commodaris,
858 1997 1039 2048 memores
1062 1997 1138 2047 esse
1155 1987 1193 2046 et
1210 1987 1332 2072 gratos

262 2083 505 2181 cogniturum.

264 2268 464 2329 ordinataque
476 2264 581 2314 societas
592 2275 617 2313 et
627 2265 778 2330 ordiueipso
822 2283 853 2315 ex
878 2269 936 2317 loco
960 2280 1044 2336 patet,
1067 2269 1125 2319 alias
1145 2267 1335 2335 publicanorum

264 2359 290 2396 et
297 2347 426 2396 bominum
435 2359 524 2408 genere
532 2343 611 2407 prim
622 2353 658 2391 est
667 2353 691 2392 et
701 2344 779 2391 maxi·
823 2347 953 2396 societates
983 2349 1104 2411 maiores,
1133 2349 1193 2399 alias
1229 2351 1337 2399 minores

264 2443 303 2474 ma
310 2421 432 2490 (societas)
444 2423 548 2471 civitatis
560 2420 665 2486 (uostroe
678 2438 720 2471 seu
733 2425 780 2470 Ilo·
824 2427 905 2476 fuisse.
914 2429 960 2478 En,

265 2503 437 2568 manoe)·,1ta
450 2513 478 2550 nt
492 2499 614 2565 significet
626 2500 781 2566 Bithynicam
861 2505 887 2554 t.
905 2499 948 2546 Ex
968 2497 1053 2547 ceteris
1074 2499 1235 2549 societatibus.
1253 2501 1339 2561 Quum

266 2583 406 2632 societatem
419 2593 444 2630 et
458 2579 544 2628 ordine
560 2579 616 2643 ipso
634 2579 738 2642 primam
757 2589 783 2627 et
825 2587 904 2625 essem
913 2577 997 2626 multae
1005 2576 1191 2642 publicanorum
1200 2579 1339 2638 societates,

266 2661 395 2712 bominum
404 2673 491 2723 genem
501 2658 632 2706 maximam
640 2657 783 2722 esse5quip·
825 2657 1339 2723 exomibuetttthyniesconsubsemtss.

268 2758 300 2808 pe
312 2741 339 2789 in
352 2755 400 2804 qna
418 2748 443 2786 et
459 2737 581 2785 maximus
595 2737 719 2784 sociorum
733 2751 779 2784 nu·
863 2736 887 2785 ⁵.
898 2738 963 2785 Men.
973 2737 1045 2787 Cives
1056 2737 1149 2785 romani
1158 2753 1172 2784 a
1181 2736 1246 2786 tribu
1256 2748 1341 2786 uteu-

270 2835 367 2878 merus,
385 2828 409 2866 et
422 2817 539 2880 dignitate
553 2815 694 2882 principum
704 2825 782 2863 esset:
826 2813 853 2862 di
866 2813 941 2872 soliti,
953 2830 1009 2879 quae
1021 2813 1120 2880 quidem
1137 2815 1216 2863 tribus
1231 2815 1341 2880 plerum-

269 2897 338 2965 quod
346 2895 472 2961 sequentia
480 2893 553 2943 verba
563 2892 717 2943 confirmant.
724 2892 783 2958 Legi
826 2907 874 2956 qne
886 2893 913 2942 iu
930 2894 1038 2958 antiquis
1057 2903 1081 2942 et
1096 2893 1220 2959 lapidibus
1232 2905 1258 2941 et
1269 2894 1342 2942 libris

268 2980 342 3028 etism
363 2986 448 3042 posset
478 2984 524 3022 aet
542 2973 672 3023 bominum
693 2989 780 3040 genere
826 2972 903 3036 prima
918 2983 1012 3021 tantum
1025 2971 1118 3038 syllaba
1131 2974 1220 3038 scripta
1238 2972 1340 3037 legitor.

269 3072 371 3122 prorsus
382 3065 419 3104 est
427 3054 533 3102 maxima
544 3053 680 3112 civitatis»,
694 3053 780 3102 eodem
825 3047 891 3099 llinc
909 3054 975 3100 Men.
991 3063 1028 3100 est
1043 3053 1156 3100 Menenia
1177 3052 1263 3100 tribus
1275 3051 1344 3100 vids

270 3151 356 3192 sensim
372 3149 402 3182 sc
416 3133 487 3180 facile
501 3148 548 3197 pro
557 3131 673 3182 adverbio
681 3147 781 3196 prorsus
824 3129 950 3192 tibvm,
963 3131 1034 3195 epist.
1045 3131 1256 3180 &Genu—Hoc
1266 3129 1343 3196 plane

271 3214 353 3280 potuit
365 3229 428 3277 pars
448 3228 463 3259 a
483 3211 588 3260 librariis
613 3211 736 3260 substitui.
753 3213 783 3260 Iu
827 3209 951 3276 ignorasse
963 3209 1062 3258 meost
1074 3211 1100 3258 J.
1108 3210 1140 3258 V.
1151 3209 1180 3258 1..
1195 3208 1305 3258 adnotat.
1335 3229 1344 3247 ·

271 3293 381 3342 oratione
392 3307 439 3357 pro
449 3290 561 3346 Plancio,
582 3306 637 3354 cap.
650 3291 691 3348 1³,
712 3289 784 3339 Plan·
865 3289 934 3336 6.1n
952 3290 1039 3353 open's.
1053 3289 1109 3336 Hoc
1122 3299 1173 3348 est,
1192 3289 1258 3336 inter
1269 3289 1345 3338 mini·

273 3372 325 3420 cius
339 3371 430 3420 dicitur
447 3391 461 3413 c
470 3369 629 3417 maximarum
640 3370 786 3418 societatum
829 3378 893 3416 atros
905 3367 1029 3416 societatis
1038 3399 1046 3426 ,
1056 3368 1099 3432 qui
1110 3369 1161 3427 ejus
1171 3385 1208 3414 rea
1217 3367 1345 3431 gerebant.

273 3461 367 3510 sueton
383 3448 543 3516 plurimarum
563 3448 707 3514 munster».
727 3449 786 3510 Quo
832 3448 930 3512 Opem,
945 3446 1049 3496 ministri
1058 3447 1324 3497 mammariicmsau.
