2882 4920
379 440 799 525 nrrsr0LAE,x111,
820 435 878 508 26.
1114 435 1161 534 39
1234 413 1238 426 ’

93 589 202 665 quam
219 562 257 634 id
272 560 492 664 beneficium
511 560 607 634 bene
625 559 724 658 apud
742 557 958 629 Mescinium
977 559 1162 654 positurus

92 701 211 763 esses,
234 674 304 746 nisi
322 687 359 744 et
379 687 413 744 te
435 673 526 766 scire
550 667 791 756 confiderem,
818 681 856 738 et
877 666 966 736 mihi
985 682 1162 764 peterem.

91 790 147 858 Sic
167 789 268 858 enirn
283 784 391 856 velim
407 783 608 869 existimes,
634 805 708 852 non
728 780 849 850 minus
866 801 925 849 me
947 775 992 848 de
1010 775 1106 850 illius
1122 803 1163 850 re

90 895 272 982 laborare,
287 917 397 991 quam
415 876 535 992 ipsum
549 892 680 964 desua.
696 887 767 962 Sed
782 911 898 987 quum
912 888 1015 959 illum
1030 888 1160 960 studeo

91 1031 201 1103 quarn
222 1002 390 1076 facillime
407 1003 452 1074 ad
470 1027 577 1074 suurn
597 1001 802 1100 pervenire3
817 1013 895 1069 tum
910 997 1002 1068 illud
1016 997 1161 1085 laboro,

92 1131 221 1187 utnon
239 1115 432 1185 minimum
452 1113 520 1185 hac
538 1137 619 1184 mea
638 1106 955 1184 commendatione
977 1131 1016 1178 se
1034 1131 1161 1179 conse·

13 1321 14 1324 Ἴ
91 1239 247 1322 quntum
268 1222 475 1295 arbitretur.

91 1427 1008 1454 ΜΜΒἊΜΜΜΜΜΜΜΊΜ
1014 1427 1152 1448 mmm

371 1627 665 1708 EPISTOLA
697 1627 883 1706 XXVII.

92 1785 204 1842 Gratias
220 1782 297 1860 agit,
317 1781 396 1860 quod
410 1783 555 1840 brianum
574 1781 827 1840 commendatione
848 1801 901 1840 sua
924 1781 1082 1842 liberaliter
1103 1797 1161 1844 tra·

13 1899 14 1920 1
128 1889 253 1950 ctasset;
269 1895 396 1954 eumque
416 1873 601 1934 commendat
617 1875 733 1934 iterum.
748 1875 874 1955 (Romae,
890 1891 936 1934 an.
949 1879 985 1935 U.
998 1877 1123 1954 C-707.)

13 2055 15 2146 ς
424 2057 585 2122 cronno
606 2057 763 2122 snavro
786 2057 817 2120 s,

133 2197 246 2264 cher
263 2190 394 2264 eodem
409 2192 577 2291 exemplo
596 2191 724 2289 saepins
742 2189 810 2262 tibi
826 2190 935 2286 hujus
953 2195 1095 2288 generis
1115 2195 1159 2266 li·
1215 2241 1218 2250 ·

89 2317 183 2404 teras
210 2303 371 2385 mittam,
390 2313 516 2399 quum'
530 2305 660 2400 gratias
680 2291 810 2397 agant?
818 2301 918 2399 quod
937 2327 1036 2375 meas
1055 2328 1158 2376 conr-

89 2410 342 2484 mendationes
354 2426 426 2482 tam
440 2411 630 2508 diligenter
641 2409 810 2482 observes
818 2411 934 2508 (quod
947 2410 1159 2503 seminabis,

88 2521 285 2608 etfaciam,
301 2536 344 2592 ut
358 2519 483 2607 video,
503 2519 668 2620 saepiusl:
686 2521 750 2592 sed
774 2535 896 2592 tamen
919 2548 994 2593 non
1014 2548 1156 2618 parcam

87 2657 226 2730 operte,
244 2647 281 2703 et
294 2645 336 2703 ut
352 2655 415 2701 vos
432 2629 554 2702 soletis
576 2632 613 2700 in
629 2629 811 2718 formulis,
829 2633 879 2704 sic
894 2656 960 2730 ego
977 2633 1013 2702 in
1029 2635 1157 2730 episto·

13 2815 14 2828 ¹
91 2741 131 2813 lis
146 2741 196 2814 de
215 2740 342 2813 eadem
360 2764 399 2811 re
419 2739 489 2811 alio
507 2739 657 2810 modo¹.
1263 2733 1267 2738 ’

133 2854 176 2922 C.
191 2851 349 2922 Arianos
362 2851 473 2948 igitur
483 2855 722 2928 Hammonius
735 2849 966 2923 incredibiles
980 2853 1069 2922 mihi
1081 2877 1158 2951 gra-

89 2963 153 3033 tias
172 2985 240 3059 per
257 2959 375 3032 literas
389 2961 477 3057 egit,
492 2975 529 3032 et
547 2984 631 3048 suo,
652 2975 689 3032 et
703 2961 833 3031 AEmilii
849 2963 993 3050 Aviani,
1010 2967 1155 3060 patroni

13 3111 14 3174 r
86 3073 163 3158 sui,
186 3071 334 3142 nomine
352 3097 361 3139 r
381 3094 449 3141 nec
469 3069 670 3157 liberalius,
690 3095 759 3142 nec
777 3069 1077 3144 honorificentius
1095 3097 1157 3171 po-

13 3241 14 3258 t
87 3184 198 3253 tuisse
214 3182 377 3269 tractari,
390 3205 458 3252 nec
471 3205 509 3252 se
528 3195 740 3280 praesentem
751 3236 761 3270 ‚
773 3207 841 3254 nec
853 3206 931 3253 rem
945 3179 1155 3279 familiarem

13 3279 17 3462 ι
86 3291 246 3364 absentis
257 3291 401 3390 patroni
416 3292 483 3394 sni.
503 3289 545 3361 ld
563 3291 651 3362 mibi
670 3317 787 3388 quum
800 3290 1007 3388 jucundum
1022 3307 1076 3364 est
1090 3319 1154 3366 eo-

85 3427 170 3473 rum
193 3425 318 3488 causa,
355 3424 447 3498 quos
478 3399 545 3472 tibi
568 3426 636 3499 ego
659 3426 799 3474 summa
834 3401 1100 3473 necessitudine
1123 3389 1176 3474 et⁴

85 3511 491 3606 summaconjunctione
502 3509 680 3580 adductus
691 3508 1156 3606 commendaveram,quod

85 3627 132 3694 Μ.
146 3621 311 3694 AEmilius
326 3647 423 3692 unus
442 3634 496 3692 est
511 3645 554 3691 ex
568 3621 657 3691 meis
672 3617 954 3692 familiarissimis
973 3631 1082 3718 atque
1100 3621 1156 3691 in·

123 3836 146 3870 r.
157 3821 197 3868 De
206 3817 294 3867 eadem
305 3835 332 3867 re
341 3802 483 3884 nlipmcdo.
494 3819 536 3866 Est
545 3819 597 3865 for·
642 3833 715 3880 posse
733 3815 836 3864 institui.
855 3813 916 3863 Ideo
935 3813 1021 3864 Cicero
1038 3816 1069 3863 rd
1087 3817 1171 3867 Serv?

85 3898 151 3946 mula
159 3897 343 3959 jurisconsultis
353 3898 461 3962 antiquie
473 3897 559 3945 usitate
571 3897 597 3944 in
641 3896 787 3964 Sulpicium,
793 3893 996 3957 iurisconsultum
1006 3896 1157 3959 primarium,

84 3977 508 4044 pwibendbaetionibns,qnum
518 3987 597 4024 orten-
640 3976 761 4034 rcrssrcm,
780 3976 827 4034 ait,
842 3984 891 4022 unt
905 3973 988 4022 soletis
998 3975 1025 4024 in
1034 3977 1159 4038 formulis,

84 4057 171 4106 der-em
183 4055 290 4118 quadem
307 4055 342 4104 rei
354 4055 532 4120 consequendae
545 4055 596 4103 vias
640 4053 675 4101 sic
689 4070 735 4118 ego
753 4053 779 4100 in
801 4053 911 4116 epistolis
927 4052 958 4102 de
972 4053 1055 4102 eadem
1069 4071 1094 4104 re
1108 4045 1157 4104 elio

85 4137 223 4202 complures
250 4151 322 4198 esse,
338 4145 362 4183 et
389 4135 497 4184 actiones
519 4133 596 4182 varies
641 4131 837 4182 nodomllnrrs.

13 3787 16 3892 l
