<?xml version="1.0" encoding="UTF-8"?>
<!DOCTYPE html PUBLIC "-//W3C//DTD XHTML 1.0 Transitional//EN"
    "http://www.w3.org/TR/xhtml1/DTD/xhtml1-transitional.dtd">
<html xmlns="http://www.w3.org/1999/xhtml" xml:lang="en" lang="en">
 <head>
  <title>
</title>
<meta http-equiv="Content-Type" content="text/html;charset=utf-8" />
  <meta name='ocr-system' content='tesseract 3.04.00' />
  <meta name='ocr-capabilities' content='ocr_page ocr_carea ocr_par ocr_line ocrx_word'/>
</head>
<body>
  <div class='ocr_page' id='page_1' title='image "bibliothecaclas118lemagoog_0037.png"; bbox 0 0 2882 4920; ppageno 0'>
   <div class='ocr_carea' id='block_1_1' title="bbox 616 387 1041 514">
    <p class='ocr_par' dir='ltr' id='par_1_1' title="bbox 616 387 1041 514">
     <span class='ocr_line' id='line_1_1' title="bbox 616 387 1041 514; baseline 0 -2"><span class='ocrx_word' id='word_1_1' title='bbox 616 445 667 512; x_wconf 87' lang='grc' dir='ltr'><strong>Μ.</strong></span> <span class='ocrx_word' id='word_1_2' title='bbox 691 445 731 512; x_wconf 91' lang='grc' dir='ltr'><strong>Τ.</strong></span> <span class='ocrx_word' id='word_1_3' title='bbox 756 387 1041 514; x_wconf 67' lang='lat' dir='ltr'><strong>ctcttttottls</strong></span> 
     </span>
    </p>
   </div>
   <div class='ocr_carea' id='block_1_2' title="bbox 1080 618 1359 643">
    <p class='ocr_par' dir='ltr' id='par_1_2' title="bbox 1080 618 1359 643">
     <span class='ocr_line' id='line_1_2' title="bbox 1080 618 1359 643; baseline 0.011 -3"><span class='ocrx_word' id='word_1_4' title='bbox 1080 618 1359 643; x_wconf 62' lang='lat' dir='ltr'><strong>mm</strong></span> 
     </span>
    </p>
   </div>
   <div class='ocr_carea' id='block_1_3' title="bbox 485 755 1047 894">
    <p class='ocr_par' dir='ltr' id='par_1_3' title="bbox 485 755 1047 894">
     <span class='ocr_line' id='line_1_3' title="bbox 485 755 1047 894; baseline -0.011 -2"><span class='ocrx_word' id='word_1_5' title='bbox 485 773 490 795; x_wconf 86' lang='lat'>&#39;</span> <span class='ocrx_word' id='word_1_6' title='bbox 602 755 895 894; x_wconf 78' lang='lat' dir='ltr'><strong>nrrsrona</strong></span> <span class='ocrx_word' id='word_1_7' title='bbox 920 807 1047 890; x_wconf 84' lang='lat' dir='ltr'><strong>xrrr.</strong></span> 
     </span>
    </p>
   </div>
   <div class='ocr_carea' id='block_1_4' title="bbox 290 971 1360 1142">
    <p class='ocr_par' dir='ltr' id='par_1_4' title="bbox 290 971 1360 1142">
     <span class='ocr_line' id='line_1_4' title="bbox 290 971 1360 1070; baseline -0.007 -30"><span class='ocrx_word' id='word_1_8' title='bbox 290 983 323 1040; x_wconf 73' lang='lat'><strong>1.</strong></span> <span class='ocrx_word' id='word_1_9' title='bbox 334 976 537 1048; x_wconf 75' lang='lat' dir='ltr'><strong>castroninrn,</strong></span> <span class='ocrx_word' id='word_1_10' title='bbox 549 979 709 1039; x_wconf 76' lang='lat' dir='ltr'><strong>Lucentem</strong></span> <span class='ocrx_word' id='word_1_11' title='bbox 722 974 914 1055; x_wconf 72' lang='lat' dir='ltr'>municipem,</span> <span class='ocrx_word' id='word_1_12' title='bbox 925 971 1120 1034; x_wconf 73' lang='lat' dir='ltr'><strong>sommendat.</strong></span> <span class='ocrx_word' id='word_1_13' title='bbox 1133 973 1264 1055; x_wconf 72' lang='lat' dir='ltr'><strong>(Itoana,</strong></span> <span class='ocrx_word' id='word_1_14' title='bbox 1282 994 1360 1070; x_wconf 81' lang='lat' dir='ltr'><strong>anno</strong></span> 
     </span>
     <span class='ocr_line' id='line_1_5' title="bbox 732 1071 909 1142; baseline -0.011 1"><span class='ocrx_word' id='word_1_15' title='bbox 732 1071 909 1142; x_wconf 66' lang='lat' dir='ltr'><strong>listron)</strong></span> 
     </span>
    </p>
   </div>
   <div class='ocr_carea' id='block_1_5' title="bbox 582 1227 1099 1299">
    <p class='ocr_par' dir='ltr' id='par_1_5' title="bbox 582 1227 1099 1299">
     <span class='ocr_line' id='line_1_6' title="bbox 582 1227 1099 1299; baseline -0.01 0"><span class='ocrx_word' id='word_1_16' title='bbox 582 1227 1060 1299; x_wconf 70' lang='lat' dir='ltr'><strong>ttr.c.13n11&#39;r08.1³.1).</strong></span> <span class='ocrx_word' id='word_1_17' title='bbox 1094 1247 1099 1254; x_wconf 86' lang='grc'><em>·</em></span> 
     </span>
    </p>
   </div>
   <div class='ocr_carea' id='block_1_6' title="bbox 287 1359 1365 2340">
    <p class='ocr_par' dir='ltr' id='par_1_6' title="bbox 287 1359 1365 2340">
     <span class='ocr_line' id='line_1_7' title="bbox 336 1359 1361 1459; baseline -0.009 -22"><span class='ocrx_word' id='word_1_18' title='bbox 336 1368 380 1456; x_wconf 83' lang='lat' dir='ltr'><strong>L.</strong></span> <span class='ocrx_word' id='word_1_19' title='bbox 401 1368 627 1436; x_wconf 80' lang='lat' dir='ltr'><strong>Casrnomus</strong></span> <span class='ocrx_word' id='word_1_20' title='bbox 652 1367 796 1449; x_wconf 75' lang='lat' dir='ltr'><strong>Parrus,</strong></span> <span class='ocrx_word' id='word_1_21' title='bbox 830 1360 939 1459; x_wconf 82' lang='lat' dir='ltr'><strong>longe</strong></span> <span class='ocrx_word' id='word_1_22' title='bbox 970 1362 1141 1456; x_wconf 87' lang='lat' dir='ltr'><strong>princeps</strong></span> <span class='ocrx_word' id='word_1_23' title='bbox 1168 1359 1361 1457; x_wconf 85' lang='lat' dir='ltr'><strong>municipii</strong></span> 
     </span>
     <span class='ocr_line' id='line_1_8' title="bbox 287 1465 1359 1568; baseline -0.006 -22"><span class='ocrx_word' id='word_1_24' title='bbox 287 1473 461 1548; x_wconf 86' lang='lat' dir='ltr'><strong>Lucensis</strong></span> <span class='ocrx_word' id='word_1_25' title='bbox 472 1483 498 1562; x_wconf 89' lang='lat'><strong>¹,</strong></span> <span class='ocrx_word' id='word_1_26' title='bbox 514 1488 571 1546; x_wconf 74' lang='lat' dir='ltr'><strong>est</strong></span> <span class='ocrx_word' id='word_1_27' title='bbox 580 1472 777 1560; x_wconf 89' lang='lat' dir='ltr'><strong>honestus,</strong></span> <span class='ocrx_word' id='word_1_28' title='bbox 794 1475 929 1568; x_wconf 85' lang='lat' dir='ltr'><strong>gravis,</strong></span> <span class='ocrx_word' id='word_1_29' title='bbox 944 1467 1077 1568; x_wconf 91' lang='lat' dir='ltr'><strong>plenus</strong></span> <span class='ocrx_word' id='word_1_30' title='bbox 1095 1465 1218 1556; x_wconf 86' lang='lat' dir='ltr'><strong>officii,</strong></span> <span class='ocrx_word' id='word_1_31' title='bbox 1235 1466 1359 1540; x_wconf 85' lang='lat' dir='ltr'><strong>bonus</strong></span> 
     </span>
     <span class='ocr_line' id='line_1_9' title="bbox 289 1576 1362 1684; baseline 0 -33"><span class='ocrx_word' id='word_1_32' title='bbox 289 1581 397 1684; x_wconf 85' lang='lat' dir='ltr'><strong>plane</strong></span> <span class='ocrx_word' id='word_1_33' title='bbox 418 1586 485 1670; x_wconf 85' lang='lat' dir='ltr'><strong>vir,</strong></span> <span class='ocrx_word' id='word_1_34' title='bbox 502 1596 538 1656; x_wconf 88' lang='lat' dir='ltr'><strong>et</strong></span> <span class='ocrx_word' id='word_1_35' title='bbox 552 1607 671 1680; x_wconf 90' lang='lat' dir='ltr'><strong>quum</strong></span> <span class='ocrx_word' id='word_1_36' title='bbox 688 1579 903 1668; x_wconf 83' lang='lat' dir='ltr'><strong>virtutibus,</strong></span> <span class='ocrx_word' id='word_1_37' title='bbox 922 1595 1001 1651; x_wconf 91' lang='lat' dir='ltr'><strong>tum</strong></span> <span class='ocrx_word' id='word_1_38' title='bbox 1018 1580 1127 1651; x_wconf 89' lang='lat' dir='ltr'><strong>etiam</strong></span> <span class='ocrx_word' id='word_1_39' title='bbox 1145 1576 1313 1666; x_wconf 84' lang='lat' dir='ltr'><strong>fortuna,</strong></span> <span class='ocrx_word' id='word_1_40' title='bbox 1330 1583 1362 1652; x_wconf 91' lang='lat' dir='ltr'><strong>si</strong></span> 
     </span>
     <span class='ocr_line' id='line_1_10' title="bbox 289 1690 1363 1792; baseline 0 -30"><span class='ocrx_word' id='word_1_41' title='bbox 289 1690 465 1787; x_wconf 91' lang='lat' dir='ltr'><strong>quidhoc</strong></span> <span class='ocrx_word' id='word_1_42' title='bbox 484 1691 529 1764; x_wconf 88' lang='lat' dir='ltr'><strong>ad</strong></span> <span class='ocrx_word' id='word_1_43' title='bbox 544 1716 623 1764; x_wconf 92' lang='lat' dir='ltr'><strong>rem</strong></span> <span class='ocrx_word' id='word_1_44' title='bbox 641 1696 820 1792; x_wconf 84' lang='lat' dir='ltr'><strong>pertinet,</strong></span> <span class='ocrx_word' id='word_1_45' title='bbox 837 1705 989 1763; x_wconf 85' lang='lat' dir='ltr'><strong>ornatus</strong></span> <span class='ocrx_word' id='word_1_46' title='bbox 1007 1717 1017 1760; x_wconf 77' lang='grc' dir='ltr'><strong><em>ε</em></strong></span> <span class='ocrx_word' id='word_1_47' title='bbox 1036 1713 1140 1760; x_wconf 90' lang='lat' dir='ltr'><strong>meus</strong></span> <span class='ocrx_word' id='word_1_48' title='bbox 1160 1704 1281 1760; x_wconf 91' lang='lat' dir='ltr'><strong>autem</strong></span> <span class='ocrx_word' id='word_1_49' title='bbox 1305 1703 1363 1762; x_wconf 85' lang='lat' dir='ltr'><strong>est</strong></span> 
     </span>
     <span class='ocr_line' id='line_1_11' title="bbox 290 1796 1365 1901; baseline -0.006 -27"><span class='ocrx_word' id='word_1_50' title='bbox 290 1799 605 1890; x_wconf 81' lang='lat' dir='ltr'><strong>familiarissimus,</strong></span> <span class='ocrx_word' id='word_1_51' title='bbox 622 1803 674 1874; x_wconf 84' lang='lat' dir='ltr'><strong>sic</strong></span> <span class='ocrx_word' id='word_1_52' title='bbox 691 1826 862 1901; x_wconf 86' lang='lat' dir='ltr'><strong>prorsus,</strong></span> <span class='ocrx_word' id='word_1_53' title='bbox 876 1813 916 1872; x_wconf 90' lang='lat' dir='ltr'><strong>ut</strong></span> <span class='ocrx_word' id='word_1_54' title='bbox 937 1801 1053 1872; x_wconf 88' lang='lat' dir='ltr'>nostri</span> <span class='ocrx_word' id='word_1_55' title='bbox 1073 1797 1226 1872; x_wconf 87' lang='lat' dir='ltr'><strong>ordinis²</strong></span> <span class='ocrx_word' id='word_1_56' title='bbox 1240 1796 1365 1870; x_wconf 90' lang='lat' dir='ltr'><strong>obser·</strong></span> 
     </span>
     <span class='ocr_line' id='line_1_12' title="bbox 290 1910 1363 2010; baseline -0.003 -29"><span class='ocrx_word' id='word_1_57' title='bbox 290 1926 352 1982; x_wconf 85' lang='lat' dir='ltr'><strong>vet</strong></span> <span class='ocrx_word' id='word_1_58' title='bbox 365 1915 549 1986; x_wconf 82' lang='lat' dir='ltr'><strong>neminem</strong></span> <span class='ocrx_word' id='word_1_59' title='bbox 564 1910 782 2010; x_wconf 81' lang='lat' dir='ltr'><strong>diligentius.</strong></span> <span class='ocrx_word' id='word_1_60' title='bbox 799 1912 922 2001; x_wconf 84' lang='lat' dir='ltr'><strong>Quare</strong></span> <span class='ocrx_word' id='word_1_61' title='bbox 934 1923 977 1980; x_wconf 91' lang='lat' dir='ltr'><strong>ut</strong></span> <span class='ocrx_word' id='word_1_62' title='bbox 992 1923 1029 1981; x_wconf 93' lang='lat' dir='ltr'><strong>et</strong></span> <span class='ocrx_word' id='word_1_63' title='bbox 1042 1933 1166 1980; x_wconf 88' lang='lat' dir='ltr'><strong>meum</strong></span> <span class='ocrx_word' id='word_1_64' title='bbox 1181 1912 1363 1994; x_wconf 85' lang='lat' dir='ltr'><strong>amicum,</strong></span> 
     </span>
     <span class='ocr_line' id='line_1_13' title="bbox 292 2017 1363 2122; baseline -0.003 -29"><span class='ocrx_word' id='word_1_65' title='bbox 292 2035 330 2093; x_wconf 92' lang='lat' dir='ltr'><strong>et</strong></span> <span class='ocrx_word' id='word_1_66' title='bbox 340 2036 403 2096; x_wconf 87' lang='lat' dir='ltr'><strong>tua</strong></span> <span class='ocrx_word' id='word_1_67' title='bbox 416 2023 569 2122; x_wconf 85' lang='lat' dir='ltr'><strong>dignum</strong></span> <span class='ocrx_word' id='word_1_68' title='bbox 583 2025 756 2110; x_wconf 88' lang='lat' dir='ltr'><strong>amicitia,</strong></span> <span class='ocrx_word' id='word_1_69' title='bbox 770 2021 837 2094; x_wconf 88' lang='lat' dir='ltr'><strong>tibi</strong></span> <span class='ocrx_word' id='word_1_70' title='bbox 850 2018 1082 2094; x_wconf 79' lang='lat' dir='ltr'><strong>commendo.</strong></span> <span class='ocrx_word' id='word_1_71' title='bbox 1099 2023 1186 2107; x_wconf 88' lang='lat' dir='ltr'><strong>Cui,</strong></span> <span class='ocrx_word' id='word_1_72' title='bbox 1209 2017 1363 2116; x_wconf 86' lang='lat' dir='ltr'><strong>quibus·</strong></span> 
     </span>
     <span class='ocr_line' id='line_1_14' title="bbox 291 2125 1364 2232; baseline -0.004 -28"><span class='ocrx_word' id='word_1_73' title='bbox 291 2156 453 2231; x_wconf 86' lang='lat' dir='ltr'><strong>cumque</strong></span> <span class='ocrx_word' id='word_1_74' title='bbox 476 2133 587 2206; x_wconf 90' lang='lat' dir='ltr'><strong>rebus</strong></span> <span class='ocrx_word' id='word_1_75' title='bbox 607 2131 909 2222; x_wconf 84' lang='lat' dir='ltr'><strong>commodaveris,</strong></span> <span class='ocrx_word' id='word_1_76' title='bbox 940 2129 1007 2202; x_wconf 90' lang='lat' dir='ltr'><strong>tibi</strong></span> <span class='ocrx_word' id='word_1_77' title='bbox 1034 2125 1200 2227; x_wconf 86' lang='lat' dir='ltr'><strong>profecto</strong></span> <span class='ocrx_word' id='word_1_78' title='bbox 1222 2127 1364 2232; x_wconf 87' lang='lat' dir='ltr'><strong>jucun·</strong></span> 
     </span>
     <span class='ocr_line' id='line_1_15' title="bbox 293 2239 1013 2340; baseline -0.007 -25"><span class='ocrx_word' id='word_1_79' title='bbox 293 2240 402 2331; x_wconf 83' lang='lat' dir='ltr'><strong>dum,</strong></span> <span class='ocrx_word' id='word_1_80' title='bbox 423 2241 513 2314; x_wconf 87' lang='lat' dir='ltr'><strong>mihi</strong></span> <span class='ocrx_word' id='word_1_81' title='bbox 530 2257 630 2316; x_wconf 85' lang='lat' dir='ltr'><strong>certe</strong></span> <span class='ocrx_word' id='word_1_82' title='bbox 645 2245 714 2316; x_wconf 87' lang='lat' dir='ltr'><strong>erit</strong></span> <span class='ocrx_word' id='word_1_83' title='bbox 734 2256 890 2340; x_wconf 71' lang='lat' dir='ltr'><strong>gratnm.</strong></span> <span class='ocrx_word' id='word_1_84' title='bbox 911 2239 1013 2312; x_wconf 82' lang='lat' dir='ltr'><strong>Vale.</strong></span> 
     </span>
    </p>
   </div>
   <div class='ocr_carea' id='block_1_7' title="bbox 293 2411 1369 2564">
    <p class='ocr_par' dir='ltr' id='par_1_7' title="bbox 293 2411 1369 2564">
     <span class='ocr_line' id='line_1_16' title="bbox 333 2411 1369 2484; baseline -0.005 -17"><span class='ocrx_word' id='word_1_85' title='bbox 333 2433 356 2469; x_wconf 87' lang='lat' dir='ltr'><strong>r.</strong></span> <span class='ocrx_word' id='word_1_86' title='bbox 376 2418 496 2468; x_wconf 68' lang='lat' dir='ltr'><strong>mensis.</strong></span> <span class='ocrx_word' id='word_1_87' title='bbox 511 2422 578 2468; x_wconf 79' lang='lat' dir='ltr'><strong>Lnea</strong></span> <span class='ocrx_word' id='word_1_88' title='bbox 595 2419 704 2484; x_wconf 79' lang='lat' dir='ltr'><strong>primum</strong></span> <span class='ocrx_word' id='word_1_89' title='bbox 721 2417 807 2468; x_wconf 76' lang='lat' dir='ltr'><strong>Galliae</strong></span> <span class='ocrx_word' id='word_1_90' title='bbox 887 2433 912 2465; x_wconf 83' lang='lat' dir='ltr'><strong>n.</strong></span> <span class='ocrx_word' id='word_1_91' title='bbox 930 2413 1017 2464; x_wconf 63' lang='lat' dir='ltr'><strong>frosm·</strong></span> <span class='ocrx_word' id='word_1_92' title='bbox 1035 2413 1136 2464; x_wconf 64' lang='lat' dir='ltr'><strong>ordinali.</strong></span> <span class='ocrx_word' id='word_1_93' title='bbox 1154 2411 1276 2464; x_wconf 71' lang='lat' dir='ltr'><strong>Videlicet</strong></span> <span class='ocrx_word' id='word_1_94' title='bbox 1297 2429 1369 2468; x_wconf 74' lang='lat' dir='ltr'><strong>anna·</strong></span> 
     </span>
     <span class='ocr_line' id='line_1_17' title="bbox 293 2495 1011 2564; baseline -0.007 -18"><span class='ocrx_word' id='word_1_95' title='bbox 293 2495 426 2562; x_wconf 67' lang='lat' dir='ltr'><strong>Cisalpine</strong></span> <span class='ocrx_word' id='word_1_96' title='bbox 437 2497 628 2564; x_wconf 71' lang='lat' dir='ltr'><strong>oppidumiln.</strong></span> <span class='ocrx_word' id='word_1_97' title='bbox 851 2496 919 2546; x_wconf 79' lang='lat' dir='ltr'><strong>toeii.</strong></span> <span class='ocrx_word' id='word_1_98' title='bbox 938 2496 1011 2544; x_wconf 74' lang='lat' dir='ltr'><strong>tin.</strong></span> 
     </span>
    </p>
   </div>
   <div class='ocr_carea' id='block_1_8' title="bbox 295 2665 1358 2695">
    <p class='ocr_par' dir='ltr' id='par_1_8' title="bbox 295 2665 1358 2695">
     <span class='ocr_line' id='line_1_18' title="bbox 295 2665 1358 2695; baseline -0.004 -3"><span class='ocrx_word' id='word_1_99' title='bbox 295 2665 1358 2695; x_wconf 50' lang='lat' dir='ltr'><strong>mmmmm</strong></span> 
     </span>
    </p>
   </div>
   <div class='ocr_carea' id='block_1_9' title="bbox 608 2847 1051 2931">
    <p class='ocr_par' dir='ltr' id='par_1_9' title="bbox 608 2847 1051 2931">
     <span class='ocr_line' id='line_1_19' title="bbox 608 2847 1051 2931; baseline 0.005 -5"><span class='ocrx_word' id='word_1_100' title='bbox 608 2847 908 2931; x_wconf 85' lang='lat' dir='ltr'>EPISTOLA</span> <span class='ocrx_word' id='word_1_101' title='bbox 933 2851 1051 2930; x_wconf 89' lang='lat' dir='ltr'>XIV.</span> 
     </span>
    </p>
   </div>
   <div class='ocr_carea' id='block_1_10' title="bbox 298 2985 1370 3176">
    <p class='ocr_par' dir='ltr' id='par_1_10' title="bbox 298 2985 1370 3176">
     <span class='ocr_line' id='line_1_20' title="bbox 298 2985 1370 3082; baseline 0.006 -27"><span class='ocrx_word' id='word_1_102' title='bbox 298 2995 373 3055; x_wconf 89' lang='lat' dir='ltr'><strong>Petit</strong></span> <span class='ocrx_word' id='word_1_103' title='bbox 388 3009 423 3056; x_wconf 90' lang='lat' dir='ltr'><strong>ut</strong></span> <span class='ocrx_word' id='word_1_104' title='bbox 438 2985 617 3058; x_wconf 82' lang='lat' dir='ltr'><strong>exactionem</strong></span> <span class='ocrx_word' id='word_1_105' title='bbox 632 3000 694 3078; x_wconf 85' lang='lat' dir='ltr'><strong>ejus</strong></span> <span class='ocrx_word' id='word_1_106' title='bbox 707 3001 852 3082; x_wconf 77' lang='lat' dir='ltr'><strong>pecuniae,</strong></span> <span class='ocrx_word' id='word_1_107' title='bbox 866 3021 955 3080; x_wconf 86' lang='lat' dir='ltr'><strong>quam</strong></span> <span class='ocrx_word' id='word_1_108' title='bbox 970 3007 1003 3062; x_wconf 93' lang='lat' dir='ltr'><strong>L.</strong></span> <span class='ocrx_word' id='word_1_109' title='bbox 1015 3000 1155 3062; x_wconf 86' lang='lat' dir='ltr'><strong>Straboni</strong></span> <span class='ocrx_word' id='word_1_110' title='bbox 1165 3007 1199 3060; x_wconf 89' lang='lat' dir='ltr'><strong>P.</strong></span> <span class='ocrx_word' id='word_1_111' title='bbox 1215 2999 1370 3060; x_wconf 81' lang='lat' dir='ltr'><strong>Cornelius</strong></span> 
     </span>
     <span class='ocr_line' id='line_1_21' title="bbox 337 3088 1327 3176; baseline 0.004 -28"><span class='ocrx_word' id='word_1_112' title='bbox 337 3088 440 3164; x_wconf 87' lang='lat' dir='ltr'><strong>debet,</strong></span> <span class='ocrx_word' id='word_1_113' title='bbox 454 3109 507 3150; x_wconf 90' lang='lat' dir='ltr'><strong>suo</strong></span> <span class='ocrx_word' id='word_1_114' title='bbox 523 3091 619 3151; x_wconf 85' lang='lat' dir='ltr'><strong>studio</strong></span> <span class='ocrx_word' id='word_1_115' title='bbox 635 3107 664 3152; x_wconf 88' lang='lat' dir='ltr'><strong>et</strong></span> <span class='ocrx_word' id='word_1_116' title='bbox 680 3091 829 3175; x_wconf 81' lang='lat' dir='ltr'><strong>diligentia</strong></span> <span class='ocrx_word' id='word_1_117' title='bbox 843 3108 936 3160; x_wconf 83' lang='lat' dir='ltr'><strong>curet.</strong></span> <span class='ocrx_word' id='word_1_118' title='bbox 951 3094 1077 3176; x_wconf 82' lang='lat' dir='ltr'><strong>(Romae,</strong></span> <span class='ocrx_word' id='word_1_119' title='bbox 1092 3113 1138 3154; x_wconf 87' lang='lat' dir='ltr'><strong>an.</strong></span> <span class='ocrx_word' id='word_1_120' title='bbox 1147 3099 1186 3155; x_wconf 90' lang='lat' dir='ltr'><strong>U.</strong></span> <span class='ocrx_word' id='word_1_121' title='bbox 1199 3097 1231 3153; x_wconf 93' lang='lat' dir='ltr'><strong>C.</strong></span> <span class='ocrx_word' id='word_1_122' title='bbox 1245 3092 1327 3173; x_wconf 84' lang='lat'><strong>707.)</strong></span> 
     </span>
    </p>
   </div>
   <div class='ocr_carea' id='block_1_11' title="bbox 590 3261 1070 3332">
    <p class='ocr_par' dir='ltr' id='par_1_11' title="bbox 590 3261 1070 3332">
     <span class='ocr_line' id='line_1_22' title="bbox 590 3261 1070 3332; baseline 0.004 -6"><span class='ocrx_word' id='word_1_123' title='bbox 590 3261 637 3326; x_wconf 85' lang='grc' dir='ltr'><strong>Μ.</strong></span> <span class='ocrx_word' id='word_1_124' title='bbox 646 3264 683 3330; x_wconf 89' lang='grc' dir='ltr'><strong>Τ.</strong></span> <span class='ocrx_word' id='word_1_125' title='bbox 701 3261 738 3328; x_wconf 86' lang='lat' dir='ltr'><strong>C.</strong></span> <span class='ocrx_word' id='word_1_126' title='bbox 755 3263 897 3330; x_wconf 82' lang='lat' dir='ltr'>BRUTO</span> <span class='ocrx_word' id='word_1_127' title='bbox 921 3264 953 3328; x_wconf 91' lang='lat' dir='ltr'><strong>S.</strong></span> <span class='ocrx_word' id='word_1_128' title='bbox 972 3265 1010 3332; x_wconf 91' lang='lat' dir='ltr'><strong>P.</strong></span> <span class='ocrx_word' id='word_1_129' title='bbox 1026 3263 1070 3328; x_wconf 92' lang='lat' dir='ltr'><strong>D.</strong></span> 
     </span>
    </p>
   </div>
   <div class='ocr_carea' id='block_1_12' title="bbox 298 3397 1373 3934">
    <p class='ocr_par' dir='ltr' id='par_1_12' title="bbox 298 3397 1373 3934">
     <span class='ocr_line' id='line_1_23' title="bbox 345 3397 1370 3497; baseline 0.003 -29"><span class='ocrx_word' id='word_1_130' title='bbox 345 3401 508 3469; x_wconf 87' lang='lat' dir='ltr'><strong>L.T1r10</strong></span> <span class='ocrx_word' id='word_1_131' title='bbox 530 3403 733 3486; x_wconf 78' lang='lat' dir='ltr'><strong>Srasnorrn,</strong></span> <span class='ocrx_word' id='word_1_132' title='bbox 756 3404 879 3497; x_wconf 85' lang='lat' dir='ltr'><strong>equite</strong></span> <span class='ocrx_word' id='word_1_133' title='bbox 900 3425 1074 3484; x_wconf 89' lang='lat' dir='ltr'><strong>romano,</strong></span> <span class='ocrx_word' id='word_1_134' title='bbox 1093 3403 1132 3470; x_wconf 91' lang='lat' dir='ltr'><strong>in</strong></span> <span class='ocrx_word' id='word_1_135' title='bbox 1154 3399 1279 3497; x_wconf 89' lang='lat' dir='ltr'><strong>primis</strong></span> <span class='ocrx_word' id='word_1_136' title='bbox 1296 3397 1370 3471; x_wconf 90' lang='lat' dir='ltr'><strong>ho·</strong></span> 
     </span>
     <span class='ocr_line' id='line_1_24' title="bbox 298 3507 1371 3595; baseline -0.001 -15"><span class='ocrx_word' id='word_1_137' title='bbox 298 3520 404 3580; x_wconf 85' lang='lat' dir='ltr'><strong>nesto</strong></span> <span class='ocrx_word' id='word_1_138' title='bbox 419 3521 456 3578; x_wconf 88' lang='lat' dir='ltr'><strong>et</strong></span> <span class='ocrx_word' id='word_1_139' title='bbox 469 3523 612 3595; x_wconf 90' lang='lat' dir='ltr'><strong>ornato,</strong></span> <span class='ocrx_word' id='word_1_140' title='bbox 626 3507 899 3581; x_wconf 84' lang='lat' dir='ltr'><strong>familiarissime</strong></span> <span class='ocrx_word' id='word_1_141' title='bbox 917 3523 1012 3581; x_wconf 91' lang='lat' dir='ltr'><strong>utor.</strong></span> <span class='ocrx_word' id='word_1_142' title='bbox 1032 3512 1164 3581; x_wconf 90' lang='lat' dir='ltr'><strong>Omnia</strong></span> <span class='ocrx_word' id='word_1_143' title='bbox 1179 3507 1269 3580; x_wconf 89' lang='lat' dir='ltr'><strong>mihi</strong></span> <span class='ocrx_word' id='word_1_144' title='bbox 1283 3533 1371 3580; x_wconf 91' lang='lat' dir='ltr'><strong>cum</strong></span> 
     </span>
     <span class='ocr_line' id='line_1_25' title="bbox 300 3617 1371 3714; baseline 0 -26"><span class='ocrx_word' id='word_1_145' title='bbox 300 3640 343 3688; x_wconf 88' lang='lat' dir='ltr'><strong>eo</strong></span> <span class='ocrx_word' id='word_1_146' title='bbox 365 3617 595 3689; x_wconf 87' lang='lat' dir='ltr'><strong>intercedunt</strong></span> <span class='ocrx_word' id='word_1_147' title='bbox 614 3618 697 3714; x_wconf 90' lang='lat' dir='ltr'><strong>jura</strong></span> <span class='ocrx_word' id='word_1_148' title='bbox 719 3641 868 3690; x_wconf 86' lang='lat' dir='ltr'><strong>summae</strong></span> <span class='ocrx_word' id='word_1_149' title='bbox 890 3618 1178 3691; x_wconf 88' lang='lat' dir='ltr'><strong>necessitudinis.</strong></span> <span class='ocrx_word' id='word_1_150' title='bbox 1212 3621 1306 3687; x_wconf 85' lang='lat' dir='ltr'><strong>Huic</strong></span> <span class='ocrx_word' id='word_1_151' title='bbox 1328 3621 1371 3688; x_wconf 89' lang='lat' dir='ltr'><strong>in</strong></span> 
     </span>
     <span class='ocr_line' id='line_1_26' title="bbox 299 3726 1373 3825; baseline 0.002 -29"><span class='ocrx_word' id='word_1_152' title='bbox 299 3739 362 3800; x_wconf 89' lang='lat' dir='ltr'><strong>tua</strong></span> <span class='ocrx_word' id='word_1_153' title='bbox 379 3728 565 3825; x_wconf 84' lang='lat' dir='ltr'><strong>provincia</strong></span> <span class='ocrx_word' id='word_1_154' title='bbox 583 3733 774 3825; x_wconf 89' lang='lat' dir='ltr'><strong>pecuniam</strong></span> <span class='ocrx_word' id='word_1_155' title='bbox 792 3726 903 3800; x_wconf 88' lang='lat' dir='ltr'><strong>debet</strong></span> <span class='ocrx_word' id='word_1_156' title='bbox 920 3731 959 3800; x_wconf 90' lang='lat' dir='ltr'><strong>P.</strong></span> <span class='ocrx_word' id='word_1_157' title='bbox 979 3727 1182 3801; x_wconf 89' lang='lat' dir='ltr'><strong>Cornelius.</strong></span> <span class='ocrx_word' id='word_1_158' title='bbox 1203 3729 1254 3798; x_wconf 88' lang='lat' dir='ltr'><strong>Ea</strong></span> <span class='ocrx_word' id='word_1_159' title='bbox 1271 3749 1329 3797; x_wconf 87' lang='lat' dir='ltr'><strong>res</strong></span> <span class='ocrx_word' id='word_1_160' title='bbox 1348 3750 1373 3798; x_wconf 88' lang='lat' dir='ltr'><strong>a</strong></span> 
     </span>
     <span class='ocr_line' id='line_1_27' title="bbox 299 3835 1370 3934; baseline 0 -28"><span class='ocrx_word' id='word_1_161' title='bbox 299 3835 464 3913; x_wconf 82' lang='lat' dir='ltr'><strong>Volcatio</strong></span> <span class='ocrx_word' id='word_1_162' title='bbox 473 3847 501 3924; x_wconf 86' lang='lat'><strong>¹,</strong></span> <span class='ocrx_word' id='word_1_163' title='bbox 515 3837 583 3934; x_wconf 85' lang='lat' dir='ltr'><strong>qui</strong></span> <span class='ocrx_word' id='word_1_164' title='bbox 598 3841 719 3908; x_wconf 83' lang='lat' dir='ltr'><strong>Romae</strong></span> <span class='ocrx_word' id='word_1_165' title='bbox 732 3836 793 3931; x_wconf 88' lang='lat' dir='ltr'><strong>jus</strong></span> <span class='ocrx_word' id='word_1_166' title='bbox 805 3837 914 3926; x_wconf 86' lang='lat' dir='ltr'><strong>dicit,</strong></span> <span class='ocrx_word' id='word_1_167' title='bbox 930 3837 1064 3934; x_wconf 82' lang='lat' dir='ltr'><strong>rejecta</strong></span> <span class='ocrx_word' id='word_1_168' title='bbox 1080 3843 1119 3908; x_wconf 92' lang='lat' dir='ltr'><strong>in</strong></span> <span class='ocrx_word' id='word_1_169' title='bbox 1133 3837 1287 3908; x_wconf 84' lang='lat' dir='ltr'><strong>Galliam</strong></span> <span class='ocrx_word' id='word_1_170' title='bbox 1301 3849 1370 3907; x_wconf 88' lang='lat' dir='ltr'><strong>est.</strong></span> 
     </span>
    </p>
   </div>
   <div class='ocr_carea' id='block_1_13' title="bbox 299 4020 1374 4248">
    <p class='ocr_par' dir='ltr' id='par_1_13' title="bbox 299 4020 1374 4248">
     <span class='ocr_line' id='line_1_28' title="bbox 340 4020 1374 4087; baseline 0.002 -20"><span class='ocrx_word' id='word_1_171' title='bbox 340 4036 363 4069; x_wconf 86' lang='lat' dir='ltr'><strong>r.</strong></span> <span class='ocrx_word' id='word_1_172' title='bbox 379 4021 501 4071; x_wconf 76' lang='lat' dir='ltr'><strong>Volcatio.</strong></span> <span class='ocrx_word' id='word_1_173' title='bbox 521 4023 626 4070; x_wconf 75' lang='lat' dir='ltr'><strong>Praetore</strong></span> <span class='ocrx_word' id='word_1_174' title='bbox 642 4020 752 4080; x_wconf 86' lang='lat' dir='ltr'><strong>urbano,</strong></span> <span class='ocrx_word' id='word_1_175' title='bbox 771 4023 815 4087; x_wconf 87' lang='lat' dir='ltr'><strong>qui</strong></span> <span class='ocrx_word' id='word_1_176' title='bbox 859 4023 980 4072; x_wconf 76' lang='lat' dir='ltr'><strong>meinans</strong></span> <span class='ocrx_word' id='word_1_177' title='bbox 993 4039 1043 4072; x_wconf 80' lang='lat' dir='ltr'><strong>rem</strong></span> <span class='ocrx_word' id='word_1_178' title='bbox 1058 4022 1205 4085; x_wconf 80' lang='lat' dir='ltr'><strong>dijudicare,</strong></span> <span class='ocrx_word' id='word_1_179' title='bbox 1217 4021 1261 4071; x_wconf 84' lang='lat' dir='ltr'><strong>sed</strong></span> <span class='ocrx_word' id='word_1_180' title='bbox 1273 4037 1374 4070; x_wconf 75' lang='lat' dir='ltr'><strong>eanum</strong></span> 
     </span>
     <span class='ocr_line' id='line_1_29' title="bbox 299 4099 1374 4169; baseline -0.001 -20"><span class='ocrx_word' id='word_1_181' title='bbox 299 4101 439 4166; x_wconf 68' lang='lat' dir='ltr'><strong>precipuus</strong></span> <span class='ocrx_word' id='word_1_182' title='bbox 451 4111 509 4149; x_wconf 78' lang='lat' dir='ltr'><strong>erat.</strong></span> <span class='ocrx_word' id='word_1_183' title='bbox 519 4101 694 4169; x_wconf 74' lang='lat' dir='ltr'><strong>-Bejeeear&#39;n</strong></span> <span class='ocrx_word' id='word_1_184' title='bbox 705 4101 815 4152; x_wconf 82' lang='lat' dir='ltr'><strong>Galliam</strong></span> <span class='ocrx_word' id='word_1_185' title='bbox 858 4102 942 4164; x_wconf 80' lang='lat' dir='ltr'><strong>rejecit</strong></span> <span class='ocrx_word' id='word_1_186' title='bbox 954 4101 987 4150; x_wconf 86' lang='lat' dir='ltr'><strong>ad</strong></span> <span class='ocrx_word' id='word_1_187' title='bbox 999 4104 1119 4162; x_wconf 84' lang='lat' dir='ltr'><strong>Brutum,</strong></span> <span class='ocrx_word' id='word_1_188' title='bbox 1137 4101 1225 4153; x_wconf 75' lang='lat' dir='ltr'><strong>Gallie</strong></span> <span class='ocrx_word' id='word_1_189' title='bbox 1242 4099 1292 4150; x_wconf 83' lang='lat' dir='ltr'><strong>hoo</strong></span> <span class='ocrx_word' id='word_1_190' title='bbox 1310 4111 1374 4149; x_wconf 84' lang='lat' dir='ltr'><strong>tem·</strong></span> 
     </span>
     <span class='ocr_line' id='line_1_30' title="bbox 302 4179 1139 4248; baseline 0.008 -23"><span class='ocrx_word' id='word_1_191' title='bbox 302 4189 345 4228; x_wconf 81' lang='lat' dir='ltr'><strong>ert.</strong></span> <span class='ocrx_word' id='word_1_192' title='bbox 356 4180 441 4230; x_wconf 82' lang='lat' dir='ltr'><strong>tloluit</strong></span> <span class='ocrx_word' id='word_1_193' title='bbox 451 4179 578 4229; x_wconf 79' lang='lat' dir='ltr'><strong>Voloatins</strong></span> <span class='ocrx_word' id='word_1_194' title='bbox 590 4191 683 4246; x_wconf 67' lang='lat' dir='ltr'><strong>prator</strong></span> <span class='ocrx_word' id='word_1_195' title='bbox 700 4183 754 4246; x_wconf 77' lang='lat' dir='ltr'><strong>ipra</strong></span> <span class='ocrx_word' id='word_1_196' title='bbox 766 4183 814 4230; x_wconf 81' lang='lat' dir='ltr'><strong>llo-</strong></span> <span class='ocrx_word' id='word_1_197' title='bbox 858 4197 918 4247; x_wconf 82' lang='lat' dir='ltr'><strong>pore</strong></span> <span class='ocrx_word' id='word_1_198' title='bbox 931 4182 1081 4248; x_wconf 69' lang='lat' dir='ltr'><strong>prefectum.</strong></span> <span class='ocrx_word' id='word_1_199' title='bbox 1092 4183 1139 4231; x_wconf 82' lang='lat' dir='ltr'><strong>lin.</strong></span> 
     </span>
    </p>
   </div>
   <div class='ocr_carea' id='block_1_14' title="bbox 0 0 1469 4920">
    <p class='ocr_par' dir='ltr' id='par_1_14' title="bbox 0 0 1469 4920">
     <span class='ocr_line' id='line_1_31' title="bbox 0 0 1469 4920; baseline 0 0"><span class='ocrx_word' id='word_1_200' title='bbox 0 0 1469 4920; x_wconf 95' lang='lat' dir='ltr'><strong> </strong></span> 
     </span>
    </p>
   </div>
  </div>
 </body>
</html>
