2882 4920
238 444 341 518 ·3o
462 425 464 428 ’
606 445 1024 518 uumcnuours

294 567 473 666 hospitem
493 579 529 639 et
551 556 919 654 familiarem'meum‚·
934 565 1263 658 commendassem
1280 583 1358 642 tum

292 703 380 750 vero
401 693 637 777 posteaquam
663 705 708 752 ex
732 679 844 751 literis
869 678 948 774 ejus
975 679 1147 776 cognovi,
1174 677 1241 750 tibi
1273 705 1358 753 eum

291 786 382 860 falso
398 803 606 888 suspectum
624 786 753 876 fuisse,
772 787 1082 860 vehementissime
1100 785 1239 858 laetatus
1256 814 1357 877 sum,

290 913 447 970 metam
472 896 681 994 diligentem
710 899 816 970 ineo
842 893 1134 970 commendando
1160 895 1282 971 fuisse.
1304 905 1359 972 lta

290 1009 386 1079 enirn
415 1007 558 1104 scripsit
586 1005 632 1078 ad
658 1029 738 1095 me,
763 1005 831 1078 sibi
862 1031 978 1078 meam
1005 1007 1358 1082 commendationem

288 1118 447 1189 maximo
474 1115 685 1211 adjumento
706 1115 835 1206 fuisse,
863 1115 963 1215 quod
983 1115 1029 1188 ad
1053 1131 1090 1189 te
1113 1115 1275 1188 delatum
1301 1118 1359 1190 di-

289 1242 407 1313 ceret,
423 1250 501 1298 sese
515 1241 644 1298 contra
661 1227 870 1326 dignitatem
890 1243 987 1300 tuam
1004 1231 1128 1299 Romae
1141 1226 1188 1301 de
1204 1242 1241 1301 te
1255 1229 1360 1328 loqui

289 1335 438 1408 solitum
452 1359 541 1408 esse.
559 1339 615 1409 De
633 1363 726 1435 quo,
745 1337 811 1410 etsi
829 1362 898 1436 pro
915 1347 978 1410 tua
993 1335 1160 1410 facilitate
1176 1354 1212 1411 ct
1232 1338 1359 1413 huma·

289 1448 401 1517 nitate
418 1461 612 1545 purgatum
628 1471 666 1519 se
682 1446 750 1519 tibi
772 1445 896 1520 scribit
914 1472 1014 1520 esse:
1034 1461 1156 1519 tamen
1175 1449 1357 1546 primum,

289 1569 331 1626 ut
347 1553 477 1645 debeo,
495 1555 563 1627 tibi
577 1557 707 1654 gratias
728 1581 816 1656 ago,
835 1581 949 1654 quum
970 1572 1111 1629 tantum
1134 1555 1245 1629 literae
1267 1584 1358 1632 mea·

289 1678 504 1761 potueruut,
520 1680 575 1753 ut,
600 1665 655 1738 his
673 1667 796 1755 lectis,
813 1690 959 1738 omnem
980 1665 1222 1739 offensionem
1240 1672 1359 1768 suspi-

288 1775 417 1864 cionis,
432 1799 541 1871 quam
557 1771 734 1848 habueras
748 1775 793 1848 de
808 1780 973 1873 Lysone,
985 1776 1204 1876 deponeres;
1223 1775 1358 1850 deinde

287 1883 413 1954 credas
429 1885 518 1955 mihi
533 1882 727 1957 affirmanti
742 1885 849 1958 velim
862 1940 872 1975 ,
886 1910 944 1958 me
956 1885 1026 1957 hoc
1037 1911 1114 1956 non
1128 1910 1198 1985 pro
1211 1890 1357 1983 Lysone

288 1995 418 2091 magis,
446 2019 557 2092 quam
580 2019 648 2094 pro
672 1996 844 2069 omnibus
871 1993 1049 2080 scribere,
1071 1993 1255 2092 hominem
1276 2021 1356 2069 esse

287 2109 484 2195 neminem,
494 2106 558 2203 qui
567 2130 742 2205 umquam
753 2107 978 2178 mentionem
990 2105 1044 2175 tui
1053 2104 1130 2176 siue
1140 2117 1201 2175 tua
1213 2127 1357 2177 summa

285 2213 392 2285 laude
411 2213 545 2286 lecerit.
560 2218 656 2310 Lyso
671 2239 756 2286 vero
771 2239 887 2311 quum
901 2237 1045 2284 mecum
1059 2237 1175 2312 prope
1190 2215 1356 2311 quotidie

286 2338 397 2410 esset,
416 2347 564 2420 unaque
581 2323 732 2410 viveret,
751 2347 827 2394 non
848 2322 984 2408 solum,
1005 2326 1091 2419 quia
1115 2347 1173 2396 me
1199 2323 1357 2398 libenter

285 2432 411 2504 audire
424 2431 697 2519 arbitrabatur¹,
715 2431 777 2504 sed
797 2433 880 2530 quia
899 2429 1070 2504 libentius
1087 2434 1164 2529 ipse
1180 2429 1356 2528 loqueba-

286 2554 358 2628 tur,
379 2543 500 2613 omnia
518 2540 607 2611 mihi
626 2554 687 2611 tua
709 2556 745 2613 et
764 2538 875 2629 facta,
896 2554 933 2612 et
949 2539 1044 2612 dicta
1062 2540 1241 2614 laudabat.
1258 2545 1357 2634 Qua·

286 2667 448 2750 propter,
468 2655 534 2722 etsi
554 2674 575 2720 a
597 2665 632 2722 te
649 2651 698 2722 ita
716 2665 899 2738 tractatur,
918 2667 959 2722 ut
979 2651 1054 2747 jam
1078 2675 1154 2723 non
1172 2651 1356 2728 desideret

287 2759 639 2833 commendationem
648 2763 942 2858 meam,unisque
953 2786 990 2834 se
1002 2762 1113 2834 literis
1128 2764 1216 2833 meis
1230 2765 1356 2837 omnia

284 2884 555 2967 consequutum
568 2883 694 2968 putet:
713 2886 834 2941 tamen
848 2893 868 2940 a
881 2884 916 2941 te
929 2883 1015 2968 peto
1028 2870 1066 2939 in
1083 2869 1257 2964 majorem
1274 2895 1354 2943 mo·

285 2980 392 3068 dum,
411 2993 452 3050 ut
467 3003 551 3051 eum
567 2981 673 3050 etiam
690 2995 800 3076 atque
819 2981 926 3050 etiam
945 2980 1015 3049 tuis
1033 2975 1179 3068 officiis,
1198 2978 1356 3052 liberali-

285 3099 374 3162 tate²
392 3088 643 3185 complectare.
659 3087 861 3161 Scriberem
878 3085 923 3160 ad
939 3085 1117 3185 te,qualis
1130 3089 1184 3159 vir
1197 3103 1357 3179 esset,ut

285 3194 534 3296 superioribus
545 3197 656 3268 literis
663 3195 816 3269 feceram
825 3252 835 3285 ,
844 3198 1005 3270 nisicum
1014 3197 1089 3294 jam
1102 3221 1169 3296 per
1183 3223 1221 3272 se
1230 3199 1356 3298 ipsum

286 3305 353 3377 tibi
367 3306 450 3378 satis
465 3328 543 3378 esse
560 3320 688 3377 notum
705 3305 907 3380 arbitrarer.

323 3507 798 3560 1.Audtmartioataoo.sol.uuda
842 3507 932 3577 officiis
955 3521 980 3560 et
1002 3509 1166 3570 liberalitate,
1182 3512 1257 3577 quod
1280 3515 1356 3570 facile

284 3601 347 3638 tum.
358 3591 425 3638 En.
841 3589 1005 3654 praetulerim,
1019 3591 1065 3640 etsi
1078 3592 1296 3644 nllaauutominu
1306 3615 1356 3648 eo.

321 3683 347 3716 a.
363 3667 416 3714 tuis
428 3664 528 3735 officiii,
543 3664 696 3717 liberalitate.
704 3666 794 3717 bened
840 3667 904 3731 pule
924 3669 989 3718 inter
1012 3668 1062 3719 duo
1087 3670 1205 3720 vocabula
1227 3676 1355 3740 exempla,

282 3747 384 3808 conjicit
397 3745 536 3806 liberaliter,
552 3762 603 3797 uon
615 3746 685 3796 mule.
700 3749 758 3796 Asc.
771 3763 794 3806 ι,
838 3763 893 3811 qua
906 3749 1032 3798 Manutius
1044 3751 1076 3798 ad
1089 3749 1118 3800 b.
1128 3749 1146 3801 l.
1158 3751 1264 3819 collegit.
1274 3753 1336 3806 Sca.

680 3961 966 3994 -..a-0...-
