2882 4920
231 481 233 488 ,
280 403 324 476 da
604 403 654 472 M.
679 401 718 474 T.
746 401 1027 474 CICERONIS

276 587 1228 616 mmmmmmmmmwwnmmfflm
1234 591 1354 616 -uunu

596 767 905 847 EPISTOLA
934 769 1026 848 XX.

316 929 514 1010 Asclaponem
532 925 678 986 medicum
691 923 884 984 commendat.
900 915 1027 1006 (Rornae,
1043 944 1121 984 anno
1134 929 1173 987 U.
1186 931 1218 987 C.
1232 933 1311 1003 7⁰7·)

618 1105 776 1171 cicaro
799 1053 1008 1172 s'urvtos.

325 1227 537 1318 Ascnarorn
557 1243 733 1330 Patrensi,
757 1242 900 1315 medico
914 1253 939 1332 ¹,
962 1257 1049 1315 utor
1072 1241 1175 1314 valde
1196 1241 1350 1316 familia·

276 1361 376 1444 riter,
405 1353 557 1452 ejusque
580 1377 695 1450 quum
717 1351 945 1424 consuetudo
968 1351 1058 1423 mihi
1078 1352 1240 1449 jucunda
1262 1351 1350 1445 fuit,

277 1481 356 1536 tum
388 1487 445 1534 ars
477 1467 604 1551 etiam,
633 1487 744 1560 quam
778 1486 860 1534 sum
891 1477 1064 1562 expertus
1088 1465 1126 1533 in
1150 1463 1350 1538 valitudine

277 1581 479 1644 meorum².
497 1575 541 1641 ln
554 1594 627 1669 qua
639 1570 730 1641 mihi
745 1596 861 1670 quum
878 1575 955 1671 ipsa
969 1573 1133 1661 scientia,
1147 1587 1226 1644 tum
1241 1578 1352 1646 etiam

276 1681 450 1752 fidelitate
471 1679 792 1778 benivolentiaque
817 1679 998 1754 satisfecit.
1022 1687 1128 1754 Hunc
1152 1686 1263 1780 igitur
1281 1685 1350 1758 tibi

248 1817 254 1830 ·
278 1789 516 1880 commendo,
535 1805 573 1862 et
592 1815 612 1862 a
634 1805 669 1862 te
692 1806 794 1890 peto,
816 1791 879 1864 des
901 1816 1070 1892 operam,
1092 1807 1133 1864 ut
1151 1794 1350 1894 intelligat,

276 1903 468 1999 diligenter
489 1926 547 1973 me
566 1903 748 2001 scripsisse
767 1900 812 1974 de
832 1927 929 1991 sese,
951 1927 1142 2001 meamque
1161 1929 1350 1976 commen·

275 2012 459 2085 dationem
481 2016 565 2084 usui
588 2037 718 2112 magno
741 2011 810 2084 sibi
829 2009 951 2086 fuisse.
974 2013 1051 2085 Erit
1073 2012 1109 2084 id
1132 2015 1221 2086 mihi
1238 2015 1349 2088 vehe-

196 2205 197 2210 .
276 2139 418 2196 menter
440 2137 593 2220 gratum.

313 2331 337 2364 r.
347 2312 452 2362 Medico.
462 2309 612 2360 Medicinam
621 2313 708 2360 Rornae
721 2312 790 2376 inge·
870 2329 897 2362 a.
909 2315 1031 2365 Meorum.
1043 2315 1155 2374 Tironis,
1169 2331 1242 2379 quem
1250 2331 1281 2364 ex
1290 2315 1352 2364 Cili·
1374 2378 1380 2392 .

275 2395 319 2444 nui
334 2393 460 2454 honines,
482 2401 510 2438 ut
531 2401 608 2438 artem
628 2390 790 2452 illiberalem
833 2390 872 2440 oie
891 2391 1011 2442 decedens
1024 2409 1116 2458 egram
1135 2394 1212 2443 Patria
1230 2394 1350 2460 reliquit,

276 2489 328 2522 non
340 2471 462 2520 colebant.
475 2470 551 2519 Mart.
833 2471 907 2536 epist.
919 2488 942 2534 r,
955 2473 985 2534 6,
995 2489 1012 2537 9
1023 2474 1066 2522 lib.
1076 2475 1148 2522 xvt.

274 2663 1351 2692 mmmmmfflmmm

593 2827 883 2910 EPISTOLA
910 2833 1029 2911 XXI.

275 3003 318 3059 M.
331 2996 441 3059 AEmilii
454 3015 517 3054 rem
541 2995 728 3069 familiarem,
753 2997 829 3056 etin
848 2999 951 3077 primis
970 2999 1109 3060 libertum
1128 3001 1190 3080 ejus
1210 3007 1351 3063 Hammo·

454 3093 535 3150 nium
548 3092 741 3155 commendat.
762 3095 889 3173 (Romae,
910 3115 987 3155 anno
1002 3102 1039 3158 U.
1051 3102 1084 3158 C.
1098 3098 1166 3178 7⁰7)

474 3263 521 3329 M.
534 3261 573 3329 T.
586 3265 626 3330 C.
645 3264 764 3330 SERV.
781 3265 978 3339 SULPICIO
1001 3266 1033 3366 S.
1052 3267 1088 3332 P.
1106 3266 1147 3334 D.

326 3407 375 3475 M.
395 3403 561 3471 AEurnrus
587 3405 747 3472 Avrauus
774 3399 820 3472 ab
851 3403 1000 3475 ineunte
1025 3403 1266 3477 adolescentia
1287 3431 1350 3482 me

255 3565 260 3570 -
275 3515 498 3596 observavit,
514 3535 730 3610 semperque
746 3508 889 3600 dilexit,
907 3513 964 3584 vir
980 3538 1096 3611 quum
1110 3513 1247 3602 bonus,
1265 3531 1349 3588 tum

274 3623 538 3722 perhumanus,
561 3635 599 3691 et
624 3625 663 3690 in
689 3622 789 3691 omni
808 3645 942 3720 genere
969 3621 1080 3696 officii
1099 3623 1304 3723 diligendus
1322 3639 1348 3699 ¹.

313 3823 335 3855 r.
355 3808 385 3854 In
405 3805 472 3854 omni
489 3821 579 3871 genere
595 3801 673 3872 affe-ii
684 3803 786 3870 diligen·
827 3807 929 3872 gendus,
943 3808 1001 3858 ferri
1010 3821 1101 3875 potest,
1110 3811 1269 3875 eteomagie,
1275 3811 1348 3875 quod

274 3887 327 3935 dees.
348 3886 407 3935 Non
427 3885 535 3934 delector
553 3885 702 3946 mutatione,
722 3885 786 3933 facio
831 3902 915 3936 omnes
932 3887 989 3936 libri
1005 3899 1098 3936 veteres
1111 3889 1285 3938 consentiunt:
1304 3906 1349 3938 ve-

274 3978 355 4014 tamen
367 3965 483 4028 libenter,
502 3977 530 4014 ut
548 3966 576 4012 in
592 3965 654 4014 loeis
671 3963 787 4014 mendum
831 3977 983 4027 mmmmm,
998 3968 1055 4032 qnia
1065 3968 1168 4033 diligens
1174 3979 1201 4016 et
1208 3967 1349 4035 dttkendus

150 4099 154 4104 ⁸
273 4043 440 4093 redolentibus
487 4043 603 4093 testificer
643 4045 786 4092 oeutentinm
831 4059 882 4092 non
897 4045 1030 4095 admodum
1050 4047 1145 4096 diverse
1162 4059 1236 4098 aunt:
1257 4049 1347 4114 scripsi

272 4139 359 4172 meam.
380 4125 411 4170 In
434 4122 502 4171 omui
521 4139 612 4190 genere
633 4120 712 4192 officii
732 4122 787 4172 dili·
831 4123 908 4186 olim,
929 4122 992 4176 nihil
1010 4137 1091 4177 temen
1106 4125 1244 4188 affirmem,
1266 4128 1346 4193 megia
