2882 4920
401 373 681 458 EPISTOLAE,
705 371 833 461 x111,
862 375 915 445 18.
1146 403 1192 476 ²9

118 508 226 572 men²
253 496 409 570 dubium
426 495 555 583 nobis,
581 501 673 593 quin
701 499 752 567 ita
772 494 939 568 futurum
961 495 1089 584 luerit,
1114 524 1191 574 non

117 609 237 705 erat),
251 609 351 680 ultro
367 606 512 681 adeum
527 609 720 706 scripsisse,
735 609 842 702 eique
858 629 927 678 neo
943 609 1108 706 opinanti
1127 636 1192 683 vo·

116 722 296 793 luntatem
323 732 421 792 tuam
444 729 583 789 tantam
604 731 672 816 pe'r
690 715 811 787 literas
833 715 1015 788 detulisse.
1037 719 1092 790 De
1114 745 1192 816 quo

117 856 193 902 non
220 827 333 902 modo
352 851 479 925 rogare
497 841 554 908 te,
581 841 624 897 ut
652 851 696 898 eo
720 824 916 898 studiosius
938 850 1019 898 mea
1040 853 1192 928 qnoque

115 964 227 1012 causa
245 936 373 1025 facias,
391 961 466 1008 non
485 934 603 1007 debeo
626 935 742 1032 (nihil
761 936 857 1006 enim
875 933 1094 1010 cumulatius
1111 937 1192 1011 fieri

116 1062 259 1148 potest,
269 1070 380 1156 quam
392 1045 615 1148 polliceris),
625 1043 689 1117 sed
702 1070 749 1116 ne
763 1050 894 1141 gratias
909 1044 1058 1144 quidem
1072 1073 1189 1145 agere,

115 1153 247 1255 quod³
271 1171 311 1226 tu
330 1168 366 1228 et
384 1158 497 1253 ipsius
518 1178 640 1242 causa,
656 1168 693 1226 et
709 1171 773 1226 tua
789 1169 919 1252 sponte
937 1153 1073 1227 feceris.
1095 1158 1190 1230 Illud

115 1284 241 1340 tamen
255 1264 372 1337 dicam
383 1319 393 1350 ,
405 1265 494 1335 mihi
507 1263 565 1352 id,
580 1264 681 1363 quod
693 1263 827 1354 fecisti,
841 1289 918 1338 esse
935 1268 1187 1362 gratissimum.

115 1376 201 1448 Tale
216 1378 315 1448 enim
331 1391 436 1446 tuum
452 1373 631 1468 judicium
645 1372 692 1444 de
711 1373 860 1446 homine
873 1399 930 1462 eo,
949 1402 1060 1474 quem
1081 1383 1189 1452 unice

116 1485 254 1584 diligo,
274 1509 350 1556 non
365 1499 486 1583 potest
505 1484 596 1554 mihi
618 1506 693 1554 non
714 1474 854 1554 surnnie
871 1509 949 1557 esse
961 1483 1187 1582 jocundum.

115 1595 229 1687 Quod
247 1619 363 1693 quum
383 1597 434 1665 ita
451 1595 518 1680 sit,
535 1617 611 1666 esse
629 1609 771 1693 gratum
792 1618 939 1666 necesse
958 1611 1022 1668 est.
1046 1596 1117 1670 Sed
1134 1615 1189 1671 ta-

116 1732 223 1794 men,
241 1730 358 1804 quum
377 1701 467 1777 mihi
481 1759 492 1793 ,
507 1729 576 1804 pro
594 1706 853 1802 conjunctione
871 1718 1013 1797 nostra,
1027 1708 1083 1779 vel
1102 1734 1187 1809 pec·

117 1840 199 1887 care
223 1814 321 1914 apud
349 1829 383 1886 te
408 1813 660 1886 inscribendo
684 1815 767 1886 licet
791 1842 799 1884 :
824 1829 1021 1914 utrumque
1044 1844 1189 1909 eorum,

117 1951 199 2024 qnae
219 1924 349 2024 negavi
366 1923 455 1995 mihi
474 1922 637 1996 facienda
651 1948 728 1996 esse
740 1979 750 2012 ,
761 1923 899 1996 faciam.
911 1925 1003 1997 Nam
1015 1943 1052 1998 et
1069 1927 1114 1999 ad
1133 1928 1187 2018 id,

117 2035 220 2134 quod
236 2037 343 2107 Attici
361 2059 466 2107 causa
487 2049 523 2106 te
540 2033 732 2106 ostendisti
744 2058 822 2105 esse
837 2031 1032 2124 facturum,
1046 2048 1188 2109 tantum

118 2147 226 2218 velim
249 2145 379 2234 addas,
408 2160 595 2242 quantum·
609 2169 653 2215 ex
675 2159 802 2217 nostro
823 2169 948 2216 amore
974 2147 1188 2220 accessionis

117 2255 195 2330 lieri
210 2271 348 2357 potest,
362 2272 416 2346 et,
430 2251 655 2354 quodmodo
671 2253 823 2326 verebar
834 2253 901 2325 tibi
915 2259 1046 2352 gratias
1060 2281 1187 2353 agere,
1201 2341 1206 2358 Ι

119 2393 218 2438 nunc
238 2367 344 2466 plane
366 2390 454 2464 ago,
484 2381 593 2464 teque
613 2369 663 2436 ita
683 2365 888 2436 existimare
909 2365 1009 2454 volo,
1032 2365 1186 2463 quibus·

118 2502 278 2575 cumque
299 2473 427 2549 officiis
449 2475 488 2548 in
502 2475 715 2574 Epiroticis⁴
731 2474 956 2571 reliquisque
971 2474 1081 2547 rebus
1095 2481 1188 2548 Atti-

117 2613 202 2660 cum
223 2586 479 2676 obstrinxeris,
498 2582 627 2658 iisdem
647 2609 705 2657 me
726 2582 794 2654 tibi
811 2582 1009 2681 obligatum
1025 2584 1113 2658 sore.

152 2796 178 2828 a.
189 2779 310 2844 Quasi...
325 2777 526 2842 respondisses...
541 2787 629 2824 tem.
674 2774 785 2840 opinanti
798 2774 949 2823 voluntatem
967 2775 990 2822 ei
1009 2785 1075 2823 tuam
1093 2786 1188 2828 mutum

117 2859 265 2924 lmpeditior
275 2868 314 2907 est
327 2857 416 2904 borum
432 2855 564 2904 verborum
576 2857 631 2916 jun·
673 2870 717 2918 per
729 2853 811 2902 literas
824 2853 943 2902 detulisti.
958 2857 1044 2919 Itaque
1056 2858 1187 2920 gratiarum

115 2950 202 2998 etum
216 2936 284 3001 quod
294 2937 346 2997 jam
357 2935 453 2983 Ernest.
462 2933 545 2984 sensit.
557 2934 629 2982 Unde
673 2935 738 2982 sotio
760 2934 826 2982 nulls
853 2949 948 3000 sequare
970 2945 1052 3000 potest
1076 2934 1186 2990 officium

115 3020 173 3068 Sela.
189 3017 256 3079 conj.
270 3017 373 3064 «Attico
387 3014 567 3079 respondisses,
580 3024 629 3062 tam
673 3023 750 3062 tuum.
763 3015 836 3062 Mss.

113 3097 249 3146 lihemliter
258 3092 337 3158 (quod
348 3105 437 3152 umen,
448 3091 523 3160 ete.)·
534 3095 551 3141 J
553 3094 593 3143 Ν.
601 3095 628 3142 L.
710 3103 736 3150 s.
744 3091 883 3158 Episues'eis.
893 3093 1061 3144 Possessiones
1071 3095 1097 3142 in
1110 3093 1188 3158 Epiro

152 3178 179 3226 3.
195 3173 276 3238 Quod.
288 3174 314 3222 si
325 3173 390 3220 enim
402 3172 430 3220 id
445 3187 497 3219 mes
515 3173 630 3221 causale·
673 3173 773 3223 Atticus
791 3171 887 3231 habuit,
905 3184 933 3220 nt
951 3173 1062 3239 epistole
1081 3174 1114 3223 ad
1132 3191 1188 3222 eum

113 3257 211 3315 ciues,
233 3253 321 3318 gratias
338 3252 391 3316 ipse
408 3267 478 3315 agere
500 3249 630 3301 deberem:
674 3251 783 3316 scriptae,
797 3262 821 3300 et
834 3253 918 3316 Nepos
929 3253 954 3300 in
967 3254 1017 3301 vita
1029 3253 1186 3304 demonstrat.

114 3351 195 3400 quum
209 3347 267 3380 vero
285 3332 361 3396 ipsius
382 3346 453 3378 causa
473 3329 574 3386 feceris,
598 3329 630 3377 sd
674 3329 761 3394 Epirus
776 3341 857 3378 autern
870 3329 918 3378 hoc
938 3342 1047 3397 tempore
1065 3331 1096 3380 sd
1110 3335 1187 3395 irnps·

113 3432 173 3465 eum
191 3413 314 3478 pertinere
331 3407 460 3474 gratiarum
479 3405 544 3457 actio
563 3405 631 3456 vide·
674 3409 738 3457 rium
749 3409 865 3474 Sulpicii,
877 3409 993 3459 Achaiam
1006 3411 1124 3475 regentis,
1136 3427 1189 3476 per

113 3507 166 3543 tur.
177 3495 331 3556 Quamquam
340 3507 372 3538 ne
380 3489 421 3537 ille
432 3487 531 3552 quidem
543 3487 631 3551 gratiss
673 3487 766 3538 tinuit:
789 3499 859 3538 antea
884 3491 1034 3540 Macedoniae
1053 3490 1190 3555 provincia

114 3573 189 3621 debet
207 3584 293 3636 agere:
316 3569 448 3617 nonenim
467 3567 499 3614 ab
516 3581 546 3614 eo
560 3581 630 3630 roga·
674 3583 730 3632 pars
743 3566 805 3628 luit,
820 3579 848 3616 nt
862 3569 969 3618 ostendit
988 3571 1067 3617 oratio
1083 3569 1109 3617 in
1123 3568 1189 3616 Piso-

115 3663 167 3714 tus,
179 3661 222 3698 ant
232 3649 381 3707 admonitus,
392 3645 434 3696 sed
448 3645 513 3695 ultro
524 3647 576 3710 ipse
585 3661 630 3693 nec
674 3663 737 3694 nem.
748 3647 823 3696 Mss.

515 3859 801 3890 -φ-
