2882 4920
387 451 869 549 sr1sTonn,x111,7.
1119 455 1160 528 13
1260 533 1269 546 .

97 603 173 650 rare
203 599 264 648 me
288 575 404 671 cogit,
429 588 483 657 te,
509 570 612 670 quod
639 576 709 646 tuis
734 575 942 646 necessariis
962 574 1159 666 tribueris,

97 687 192 759 idem
205 708 283 757 esse
298 682 522 754 tributurum
537 683 627 756 meis
641 709 649 753 τ
663 685 859 782 praesertim
876 709 991 782 quum
1008 711 1075 785 ego
1091 713 1161 786 pro

96 798 149 869 bis
169 797 251 868 unis
275 807 415 892 petam3
439 789 592 863 habeam
611 807 746 880 autem,
771 795 837 892 qui
855 795 962 864 simili
982 820 1087 868 causa
1108 797 1160 868 Ia-

96 907 249 993 boreut‚
263 902 467 1000 complures
479 903 710 992 necessarios.
721 907 799 974 Hoc
810 927 869 974 me
883 927 959 974 non
970 905 1048 976 sine
1057 929 1165 978 causa

96 1016 231 1100 facere,
253 1035 374 1110 neque
395 1011 516 1108 aliqua
532 1005 602 1082 levi
624 1010 823 1083 ambitione
841 1027 1065 1084 commotum
1085 1037 1106 1086 a
1127 1031 1161 1085 te

95 1124 338 1211 contendere,
358 1122 423 1193 etsi
445 1136 481 1192 te
503 1121 706 1193 existimare
729 1119 913 1192 arbitror:
935 1137 1056 1194 tamen
1075 1123 1165 1194 mibi

95 1233 292 1306 affirmanti
316 1231 441 1303 credas
471 1229 595 1318 velim,
620 1255 680 1302 me
700 1231 787 1304 buic
808 1233 1008 1329 municipio
1030 1232 1165 1307 debere

97 1347 314 1444 plurimum3
331 1341 473 1414 nullum
492 1363 665 1437 umquam
684 1338 794 1414 fuisse
807 1357 952 1441 tempus
969 1367 1088 1440 neque
1099 1343 1165 1415 ho-

97 1477 251 1540 norum,
270 1474 392 1548 neque
409 1448 578 1521 laborum
598 1474 783 1538 meorum,
802 1453 841 1521 in
865 1476 941 1549 quo
960 1477 1035 1524 non
1057 1451 1166 1550 hujus

97 1564 285 1661 municipii
306 1558 467 1632 studium
486 1559 524 1628 in
543 1583 603 1630 me
622 1561 800 1632 exstiterit
815 1561 1006 1658 singulare.
1149 1577 1151 1582 '

145 1677 382 1773 Quapropter
409 1684 489 1740 ate
516 1671 622 1740 etiam
656 1684 767 1767 atque
790 1671 922 1756 etiam,
948 1695 1017 1770 pro
1044 1686 1168 1745 nostra

98 1809 239 1856 summa
256 1780 534 1876 conjunctione,
554 1803 698 1877 proque
718 1795 782 1852 tua
801 1782 839 1851 in
861 1805 919 1852 me
938 1795 1168 1879 perpetuaret

97 1897 255 1966 maxima
268 1891 531 1977 benivolentia,
544 1891 717 1986 majorem
733 1892 772 1961 in
786 1890 938 1961 modum
953 1905 1040 1986 peto
1056 1906 1167 1990 atque

98 2002 300 2088 contendo,
315 2015 374 2090 ut,
391 2025 507 2098 quum
522 1997 686 2071 fortunas
702 2001 759 2096 agi
773 2000 849 2096 ejus
861 2001 1047 2098 municipii
1066 2003 1170 2074 intel·

98 2116 208 2212 ligas,
230 2110 333 2210 quod
353 2113 398 2183 sit
418 2109 508 2180 mihi
529 2107 819 2196 necessitudine,
841 2106 990 2196 officiis,
1015 2106 1169 2182 benivo-

100 2226 211 2296 lentia
224 2220 579 2317 conjunctissimum,
593 2217 631 2303 id
645 2217 734 2288 mihi
744 2217 826 2306 des3
842 2217 943 2316 quod
960 2221 1028 2290 erit
1042 2220 1168 2316 hujus·

100 2334 215 2420 modi,
228 2347 286 2417 ut,
302 2333 361 2402 sia
376 2335 533 2416 Caesare,
546 2324 647 2426 quod
661 2352 867 2426 speramus,
882 2330 1168 2426 impetrarimus,

100 2459 164 2516 tuo
179 2440 358 2516 beneficio
374 2465 442 2512 nos
458 2437 496 2510 id
514 2453 759 2536 consequutus
777 2463 854 2511 esse
868 2438 1093 2534 judicemus3
1113 2444 1169 2513 sin

100 2558 240 2640 minus,
265 2575 333 2650 pro
351 2573 395 2622 eo
412 2563 534 2622 tamen
551 2547 590 2619 id
608 2549 822 2633 habeamus,
854 2573 969 2646 quum
988 2575 1010 2620 a
1028 2565 1064 2622 te
1086 2545 1169 2623 data

100 2667 143 2735 sit
157 2685 284 2762 opera,
306 2675 348 2732 ut
365 2660 650 2758 impetraremus.
677 2664 752 2730 Hoc
771 2668 886 2756 quum
903 2659 993 2730 mibi
1011 2664 1171 2757 gratissi-

100 2798 203 2845 mum
223 2769 371 2855 feceris,
397 2784 474 2840 tum
493 2769 589 2840 viros
605 2770 781 2867 optimos,
803 2768 969 2841 homines
990 2768 1169 2842 honestis·

101 2886 229 2967 simos,
250 2879 471 2974 eosdemque
492 2880 732 2976 gratissimos,
759 2893 797 2951 et
821 2893 883 2950 tua
905 2879 1170 2953 necessitudine

100 2992 349 3090 dignissimos,
362 3011 505 3060 summo
519 2985 699 3059 beneficio
712 2989 751 3058 in
765 3002 986 3088 perpetuum
1000 2986 1066 3060 tibi
1083 2992 1170 3062 tuis·

100 3128 175 3202 que
193 3101 406 3174 devinxeris.

100 3283 882 3309 mmmmm-nmmum
887 3283 1163 3305 mmmmm

410 3449 714 3529 EPISTOLA
741 3450 866 3529 VIII.

100 3615 244 3677 Rutilium
260 3624 360 3690 rogat,
381 3611 458 3668 utin
471 3627 607 3686 agrorum
622 3607 764 3667 divisione
778 3608 877 3667 bibini
895 3608 1005 3687 praedia
1018 3630 1056 3669 ne
1072 3613 1164 3672 attin-

270 3715 326 3783 gat.
340 3707 467 3782 (Romae,
482 3719 560 3758 anuo
573 3705 610 3760 U.
622 3703 654 3759 C.
668 3699 741 3772 708,
755 3719 852 3758 mense
864 3697 1001 3778 octobri.)

341 3859 436 3924 Μ.Τ.
455 3858 492 3923 C.
509 3857 555 3922 M.
573 3856 764 3922 RUT1L10¹
788 3855 820 3922 S.
840 3855 875 3920 P.
895 3857 936 3921 D.

149 3999 267 4088 Quuu
289 3989 431 4062 etmihi
453 3988 619 4062 conscius
640 4011 777 4074 essem,
794 3987 922 4084 quanti
941 4000 977 4059 te
995 3984 1169 4081 facerem,

144 4199 170 4234 ι.
183 4179 285 4232 auritio.
299 4179 378 4241 Quem
389 4176 469 4228 Casii·
478 4175 618 4243 proiecerat
626 4189 685 4240 agro
694 4174 720 4222 in
731 4171 808 4223 Gellia
818 4173 940 4239 Cisalpina
950 4173 1090 4226 dividendo.
1100 4135 1169 4226 Sem
