2882 4920
407 435 878 526 rmsronmxunu.
1136 444 1178 517 ιε

108 553 271 626 debeam.
290 553 401 645 Quod
418 571 461 628 ut
481 555 607 646 iacias,
626 573 663 630 te
681 558 918 632 vehementer
940 563 1048 635 etiam
1069 577 1180 663 atque

108 665 214 736 etiam
234 687 337 762 rogo.
356 663 474 760 Majus
492 663 583 738 mihi
603 667 690 740 dare
711 667 933 742 beneficium
953 675 1097 746 nullum
1114 701 1179 778 po-

107 771 338 846 tes.1dmihi
356 775 536 873 intelliges
557 799 635 852 csse
653 780 905 877 gratissimum.

105 982 161 1030 lloe
178 981 345 1043 cet,11berii
359 981 452 1050 predi·
470 999 519 1048 pro
537 983 622 1034 debito
666 986 707 1034 stc
720 985 874 1036 mineat
885 985 997 1036 nutat
1011 988 1109 1039 volchet
1123 1003 1179 1042 cre·

104 1061 199 1125 recepit
219 1061 336 1109 utimum
355 1061 433 1120 tenti,
451 1063 537 1126 quenti
553 1073 622 1112 crant
665 1063 788 1113 ditoribm
801 1064 832 1112 eb
844 1065 889 1125 ile,
908 1067 951 1130 qni
971 1083 1022 1115 non
1042 1079 1112 1118 erent
1130 1071 1179 1120 ml·

105 1149 159 1187 mre
174 1139 267 1188 bellun
279 1139 433 1190 civitam
448 1141 559 1205 ruperim
575 1139 619 1192 llb.
664 1141 756 1192 vendo.
775 1142 840 1192 vide
857 1141 960 1194 emon.
982 1145 1035 1196 Jul.
1061 1163 1114 1213 erp.
1136 1157 1179 1207 et.

105 1218 620 1284 11,epiee.rdet18‚etlib.V‚ep.ro.
664 1223 756 1272 Gur.

105 1413 381 1434 ΜΜΜΜΜ
705 1416 1166 1443 mmmmm*

437 1615 742 1700 EPISTOLA
771 1620 845 1701 IX.

104 1799 285 1880 Crassipedi,
297 1799 440 1879 bithynie
453 1801 608 1880 quaestori,
618 1798 800 1882 Bithynicam
816 1804 1038 1884 publicanorum
1050 1811 1177 1872 societa-

141 1911 218 1970 tem,
240 1898 271 1956 in
286 1897 446 1976 primisque
459 1903 512 1960 Cn.
526 1899 650 1978 Pupium
670 1901 863 1962 commendat.
885 1901 982 1984 (Anno
998 1900 1136 1988 incerto.)

347 2073 393 2138 M.
407 2073 445 2140 T.
465 2075 500 2140 C.
519 2075 776 2140 CRASSIPEDP
792 2077 824 2142 S.
838 2077 876 2143 P.
889 2078 933 2144 D.

149 2213 365 2301 Quanquam
383 2209 451 2282 tibi
472 2233 628 2308 praescns
648 2211 917 2302 commendavi,
937 2229 978 2286 ut
998 2216 1103 2314 potui
1119 2215 1173 2290 di-

102 2321 357 2420 ligentissime,
369 2321 509 2396 nocios²
519 2318 711 2418 Bithyniam
725 2337 835 2420 teque
848 2349 966 2420 quum
978 2349 1060 2398 mea
1076 2351 1176 2400 com·

101 2431 354 2519 mendatione,
374 2445 452 2502 tum
467 2435 575 2502 etiam
587 2444 651 2501 tua
666 2447 796 2530 sponte
811 2433 974 2506 intellexi
992 2457 1128 2534 cupere
1142 2439 1176 2510 ei

100 2542 286 2631 societati,
306 2539 600 2639 quibuscumque
620 2539 730 2615 rebus
751 2566 894 2641 posses,
916 2543 1173 2636 commodare;

99 2667 244 2738 tamen,
257 2675 374 2748 quum
391 2651 432 2736 ii,
451 2671 610 2749 quorum
626 2675 683 2724 rea
698 2653 827 2749 agitur,
842 2656 963 2751 magni
978 2679 1043 2726 sua
1060 2658 1173 2728 inter·

99 2786 179 2833 esse
195 2757 549 2850 arbitrarentur,„me
562 2761 670 2844 etiam
680 2783 746 2860 per
757 2761 876 2834 literas
889 2761 1071 2836 declarare
1085 2763 1172 2854 tibi,

99 2896 173 2970 qua
187 2895 303 2944 essem
318 2895 404 2969 erga
421 2874 519 2969 ipsos
531 2871 739 2954 voluntate,
760 2895 836 2944 non
853 2871 1017 2944 dubitavi
1035 2871 1111 2954 brec
1126 2874 1173 2948 ad

101 2995 135 3052 te
153 2979 326 3054 scribere.
344 2980 438 3052 Volo
456 2981 554 3052 enim
571 2995 607 3052 te
627 2983 843 3070 existimare,
861 3005 932 3071 me,
952 3004 1066 3079 quum
1088 2988 1172 3056 uni-

99 3114 206 3164 verso
233 3087 354 3162 ordini
376 3084 656 3188 publicanorum
676 3088 871 3189 [multum]
893 3115 1036 3190 semper
1057 3091 1172 3168 liben-

100 3202 236 3272 tissime
252 3197 458 3286 tribuerim,
477 3198 589 3296 idque
605 3201 745 3296 magnis
762 3201 843 3296 ejus
858 3199 994 3271 ordinis
1012 3209 1096 3300 erga
1112 3229 1171 3276 me

98 3310 239 3382 meritis
260 3305 377 3380 facere
393 3305 600 3396 debuerim,
618 3321 696 3380 tum
715 3311 751 3378 in
768 3310 895 3407 primis
915 3313 1074 3383 amicum
1092 3337 1170 3386 esse

99 3421 188 3495 huic
207 3420 401 3518 bithyniae
422 3421 584 3494 societati
605 3448 613 3492 :
638 3445 719 3520 quae
743 3422 893 3496 societas
916 3423 1045 3496 ordine
1068 3423 1169 3521 ipso,

99 3535 293 3610 hominum
311 3531 477 3631 genere³,
496 3559 578 3634 pars
597 3549 650 3608 est
665 3537 819 3606 maxima
840 3537 1005 3608 civitatis.
1022 3539 1170 3608 Constat

138 3779 163 3814 1.
181 3761 331 3826 Crassipedi.
353 3761 420 3810 ldem
437 3777 489 3811 eree
501 3761 611 3824 videtur,
655 3763 730 3814 misit.
742 3763 857 3828 Sigoniur
875 3779 927 3812 eom
946 3761 979 3810 ed
996 3762 1063 3813 bunc
1077 3781 1169 3816 ennom

97 3843 141 3908 qni
154 3841 282 3893 ciceronio
293 3838 368 3889 filiam
381 3856 484 3890 uxorem
497 3841 612 3901 duent,
655 3843 742 3901 refert,
752 3859 802 3907 quo
813 3842 887 3892 silim
903 3853 955 3890 emt
970 3856 1113 3908 propretor
1130 3847 1171 3906 Bi·

97 3921 166 3970 brevi
187 3930 246 3985 poet
267 3931 377 3984 tempore
401 3919 533 3970 dimisum
553 3923 611 3984 Quo
655 3920 761 3987 thymia.
781 3921 827 3968 llo.

96 4010 178 4048 autem
191 4013 258 4047 enno
271 3999 394 4065 Bithynia
407 4011 515 4064 quator
524 4000 610 4062 fuerit,
690 4017 712 4049 n.
725 3999 818 4048 Socios.
831 3997 988 4050 Pnbliornoe.
1001 4001 1117 4052 Comen.

97 4077 165 4126 haud
177 4079 236 4125 ratio
249 4089 354 4126 comme.
367 4077 469 4144 Pigbiur
479 4080 612 4128 inAnmli-
692 4080 715 4128 3.
731 4077 829 4127 hllem.
843 4087 888 4125 aet
904 4077 1031 4128 bominum
1048 4097 1164 4154 genere».

96 4157 144 4210 lma
158 4157 223 4207 bano
239 4167 388 4223 quamtum
399 4157 501 4208 omnino
511 4169 610 4224 prater·
654 4159 679 4209 J.
688 4160 722 4207 V.
737 4161 764 4208 L.
779 4185 814 4197 -
831 4155 922 4210 Selriite
933 4157 988 4211 boec
1004 4159 1086 4210 omnio
1098 4161 1169 4212 iliter
