2882 4920
394 433 669 520 nmsroun,
690 431 894 520 anast.
1128 437 1171 520 ιι

110 582 189 630 esse
211 557 356 639 omnia;
381 552 498 625 multo
517 577 604 625 vero
624 551 729 651 plura
756 568 793 625 et
812 553 950 649 majora
973 549 1108 625 fecisse.
1131 553 1176 624 Id

92 665 220 762 'igitur
233 665 347 763 (puto
367 667 465 734 enim
484 663 592 733 etiam
617 676 727 760 atque
744 663 851 733 etiam
872 662 962 732 mihi
982 661 1176 736 dicendum

110 774 213 868 esse)
244 771 352 842 veiim
375 771 572 861 existimes,
589 771 679 842 mihi
707 786 744 844 te
771 769 895 844 fecisse
924 773 1175 870 gratissimum.

109 883 221 971 Quod
244 878 393 979 quidem
411 881 482 954 hoc
498 881 749 954 vehementius
767 882 880 970 laetor,
905 880 1006 979 quod
1032 907 1078 954 ex
1097 887 1177 980 ipso

108 993 285 1064 Mescinio
299 1006 336 1064 te
351 991 456 1063 video
476 1015 640 1089 magnam
653 987 848 1090 capturum'
863 990 1098 1088 voluptatem.
1115 995 1178 1064 Est

110 1103 209 1176 enim
223 1104 262 1172 in
276 1125 320 1173 eo
334 1126 450 1199 quum
468 1102 583 1173 virtus
601 1116 639 1173 et
655 1100 839 1199 probitas,
859 1115 897 1172 et
918 1123 1102 1171 summum
1120 1098 1177 1172 of-

109 1209 467 1308 ficium‚sun1maque
475 1209 715 1298 observantia,
730 1225 809 1282 tum
821 1208 953 1282 studia¹
967 1209 1028 1280 illa
1042 1223 1176 1298 nostra,
1255 1233 1260 1252 ’

110 1321 360 1419 quibusantea
369 1320 650 1411 delectabamur,
661 1345 760 1393 nunc
774 1321 882 1393 etiarn
896 1321 1060 1391 vivimus.
1068 1319 1178 1408 Quod

110 1431 294 1530 reliquum
313 1446 384 1521 est,
397 1431 507 1504 veiim
518 1455 648 1530 augeas
666 1445 728 1502 tua
745 1433 782 1502 in
802 1456 887 1503 eum
904 1428 1081 1501 beneficia
1096 1455 1178 1501 orn-

109 1539 221 1612 nibus
235 1539 362 1630 rebus,
378 1565 458 1639 quae
476 1555 512 1614 te
530 1556 639 1614 erunt
653 1540 779 1640 dignae.
795 1538 865 1613 Sed
884 1541 958 1611 duo
977 1540 1126 1638 quidem
1142 1555 1179 1613 te

110 1653 350 1722 nominatim²
368 1677 488 1752 rogo:
507 1657 684 1751 primum,
702 1666 763 1740 ut,
780 1653 809 1722 si
827 1651 917 1748 quid
934 1650 1178 1724 satisdandum

110 1765 191 1848 erit,
201 1787 357 1834 surmus
369 1787 415 1834 no
431 1757 785 1850 n0u1unuonrnr1³,
800 1787 915 1849 cures,
931 1776 973 1832 ut
989 1761 1179 1834 satisdetur

109 1870 184 1943 fide
198 1895 291 1942 mea.
306 1871 464 1962 Deinde,
482 1897 599 1970 quum
611 1870 686 1945 fere
705 1876 876 1944 consistat
890 1859 1070 1943 hereditas
1084 1873 1122 1942 in
1137 1872 1179 1943 iis

109 1977 240 2067 rebus,
258 2003 348 2076 quas
364 1983 491 2052 avertit
511 1985 644 2081 Oppia,
661 2005 743 2078 quae
760 2004 853 2052 uxor
869 1979 997 2052 Mindii
1013 1977 1102 2068 suit3
1121 1980 1181 2052 ad·

106 2089 233 2184 juves,
253 2091 425 2189 ineasque
445 2093 641 2179 rationem,
659 2088 969 2188 quemadmodum
990 2113 1032 2161 ea
1049 2090 1181 2162 mulier

109 2201 265 2270 Romam
279 2200 507 2298 perducatur.
521 2202 630 2292 Quod
641 2203 669 2274 si
682 2202 817 2300 putarit
826 2200 886 2270 ilia
896 2197 987 2287 fore,
1004 2216 1046 2272 ut
1054 2202 1179 2300 opinio

109 2322 236 2379 nostra
248 2323 314 2397 est,
329 2313 514 2409 negotium
528 2311 789 2384 conficiemus.
797 2317 874 2382 Hoc
886 2325 927 2383 ut
936 2334 1180 2408 assequamur,

109 2429 148 2489 te
164 2417 400 2492 vehementer
422 2423 530 2494 etiam
548 2435 657 2520 atque
678 2424 786 2494 etiam
804 2446 904 2520 rogo.
936 2419 1050 2509 Illud,
1078 2421 1180 2517 quod

110 2551 223 2625 supra
248 2532 390 2629 scripsi,
414 2530 453 2602 id
476 2535 514 2603 in
540 2556 600 2604 me
622 2533 758 2630 recipio
769 2528 796 2622 ⁵,
818 2546 853 2603 tc
879 2554 938 2619 ea,
961 2555 1042 2627 quae
1061 2519 1179 2602 fecisti

108 2639 276 2710 Mescinii
304 2664 431 2727 causa,
453 2666 608 2742 quaeque
627 2641 772 2727 feceris,
793 2644 843 2712 ita
860 2639 956 2713 bene
983 2641 1179 2712 collocatu-

108 2773 210 2836 rum,
225 2763 267 2820 ut
283 2751 360 2848 ipse
375 2749 534 2845 judices,
556 2752 695 2823 homini
713 2765 749 2822 te
766 2752 983 2848 gratissimo,
993 2748 1180 2845 jucundis-

149 2933 557 3022 1.smdta.t²tiito·ophiae.ttir.
667 2961 761 3024 putarit
777 2957 825 3006 sibi
845 2956 979 3006 timendum
999 2973 1066 3017 ease,
1088 2974 1119 3008 ur
1137 2969 1180 3008 tuo
1277 3017 1282 3028 Ι

146 3049 172 3080 2.
184 3033 249 3096 Alii,
258 3051 314 3099 qua·
326 3047 350 3084 te
360 3036 515 3088 nominatim.
527 3039 586 3088 Π.
595 3042 623 3088 L.
666 3039 735 3099 iussu
744 3041 848 3087 Romam
857 3035 1015 3102 perducatur,
1025 3037 1095 3084 nette
1104 3037 1181 3106 uddu-

149 3111 173 3160 ³.
194 3113 306 3177 Amplius
326 3131 355 3162 eo
379 3115 477 3164 uomr'm
495 3133 545 3166 uon
563 3115 625 3181 peti.
670 3129 749 3180 cetur,
763 3128 792 3165 ut
805 3117 861 3179 illu,
878 3131 933 3179 qun
947 3116 1182 3166 avortitexheredi·

108 3189 155 3237 tto
176 3189 292 3238 solemnis
314 3191 418 3241 formula
437 3195 625 3254 jurisconsultu-
670 3199 1040 3258 uiettindti,reoituat.501.

108 3267 221 3326 moad
235 3285 307 3333 quatu
321 3271 393 3320 etium
403 3273 489 3321 Cicero
502 3273 589 3322 alludit
601 3274 626 3322 iu
707 3277 826 3333 5.1ttud‚
848 3277 918 3342 quod
937 3294 1013 3342 supra
1034 3276 1131 3342 scripsi,
1156 3277 1184 3324 id

108 3347 205 3396 Bruto:
216 3348 297 3396 «Mihi
309 3365 420 3414 quoqne,
432 3352 625 3418 iuquitBrutus,
670 3355 716 3406 tibi
731 3357 857 3426 confimo.
875 3355 908 3403 Id
926 3372 978 3404 nou
997 3356 1121 3418 abundat,
1139 3355 1181 3405 sed

108 3435 135 3472 et
153 3426 314 3490 exspectanda
334 3438 391 3478 aunt
408 3445 453 3490 ea,
471 3447 527 3493 qua
540 3433 625 3480 Attico
668 3435 768 3486 additur
779 3433 970 3484 confirmationis
982 3437 1074 3500 grstia:
1095 3447 1123 3484 ut
1134 3436 1182 3498 epi·

107 3503 252 3568 polliceris,
269 3517 293 3553 et
310 3505 412 3555 sorum
430 3523 476 3572 ego
490 3525 504 3556 a
517 3510 625 3571 tehujur
668 3516 730 3563 stola
757 3516 810 3576 572
833 3513 934 3573 dilud,
958 3514 1027 3578 quod
1054 3525 1132 3561 tecum
1157 3523 1181 3561 οἱ

108 3581 264 3632 voluntarius
278 3597 535 3652 procuntorpetam‚
556 3591 625 3653 quod
669 3609 766 3652 corum,
785 3605 810 3642 et
833 3610 876 3658 per
898 3593 980 3642 litem
999 3591 1181 3658 diligentissime

106 3663 179 3727 ipse,
192 3665 233 3710 eui
246 3663 334 3723 debes,
355 3681 381 3714 re
396 3667 551 3715 incommode
566 3684 623 3716 exa-
667 3673 721 3736 egi,
735 3672 762 3720 id
776 3685 800 3722 et
815 3689 881 3721 nunc
893 3673 964 3720 etiarn
976 3682 1050 3736 atque
1063 3671 1134 3720 etium
1143 3687 1181 3719 ro-

108 3751 207 3788 oturuui
221 3753 301 3807 negat.
316 3743 354 3791 Ac
367 3760 442 3804 vero,
456 3745 567 3810 inquam,
578 3747 623 3795 tibi
667 3767 727 3816 gon.
748 3753 780 3800 Et
800 3753 845 3802 lib.
854 3753 920 3811 vit,
940 3751 1014 3816 epist.
1032 3751 1064 3798 ιθ
1078 3764 1086 3798 :
1106 3772 1119 3793 α
1132 3752 1181 3799 Lex

108 3835 169 3882 ego,
179 3821 269 3883 Brute,
282 3837 332 3869 non
345 3823 451 3881 solvam,
471 3825 518 3871 nisi
530 3825 623 3888 prinu
667 3831 829 3895 sumptuaria,
840 3846 895 3895 quae
910 3830 1008 3878 videtur
1020 3825 1133 3881 λιτότητα.
1144 3841 1181 3879 ut-

108 3907 134 3945 ta
148 3913 250 3958 cavero,
267 3899 372 3964 amplius
389 3917 420 3950 eo
434 3902 533 3950 uomina
549 3905 623 3952 nerui·
667 3909 767 3970 tulisse,
784 3928 811 3960 ca
823 3909 885 3957 mihi
900 3909 980 3958 fraudi
991 3908 1068 3958 snitu.
1087 3910 1119 3957 Et
1135 3924 1181 3973 pro

108 3993 181 4038 nen,
194 3979 266 4040 cujus
284 3979 374 4044 petitio
395 3982 438 4040 rit,
457 3983 592 4046 petiturum
600 4005 622 4031 ι.
667 3987 763 4038 Coelio:
784 3988 871 4039 uiilud
889 3999 985 4053 tempus
1004 3987 1100 4049 eutis,
1113 3987 1182 4052 quod

109 4057 198 4106 om.
666 4067 747 4130 ipsum
759 4083 801 4116 auu
815 4079 904 4132 sponte
917 4066 1059 4124 infimum,
1078 4065 1182 4114 aliorum

147 4141 173 4190 i·
183 4135 315 4202 Negotium
327 4138 490 4205 conficimus.
503 4142 529 4192 Si
541 4143 623 4209 Oppia
667 4145 769 4196 libidine
782 4148 896 4197 infestum
910 4157 961 4211 eat,
975 4144 1003 4194 id
1016 4145 1065 4194 hoc
1078 4143 1136 4193 ioco
1145 4144 1184 4192 de·
