2882 4920
389 399 681 488 aristone,
705 404 831 488 xm,
857 405 892 488 l·
1156 427 1176 501 7

106 531 144 600 C.
156 519 428 623 Gaesarprimo⁵
445 547 513 595 suo
532 522 725 596 consulatu
742 524 781 602 in
802 523 880 622 lege
899 522 1061 623 agraria⁶
1075 549 1176 598 oom-

104 635 294 736 probavit,
313 657 513 732 agrumque
526 632 805 706 Volaterranum
825 646 863 705 et
881 633 1059 734 oppidum
1074 638 1176 708 omni

103 744 270 843 periculo
284 744 323 816 in
337 757 555 842 perpetuum
568 742 734 816 liberavit
747 770 755 816 ε
770 758 813 816 ut
824 741 914 816 mibi
930 742 1083 818 dubium
1098 771 1177 818 non

103 857 159 944 sit,
177 856 269 950 quin
283 855 324 940 is,
337 855 401 950 qui
416 876 528 924 novas
541 851 1035 952 necessitudinesadjungat,
1051 871 1176 930 vetera

103 987 167 1036 sua
192 960 372 1035 beneficia
396 966 600 1034 conservari
629 961 727 1035 velit.
757 961 1007 1054 Quamobrem
1030 978 1084 1036 est
1104 981 1175 1038 tnae

104 1072 325 1174 prudentiae,
338 1085 402 1145 ant
416 1073 522 1171 sequi
538 1075 616 1169 ejus
631 1076 902 1164 auctoritatem,
919 1073 1025 1169 cujus
1040 1089 1175 1148 sectam

103 1199 213 1283 atque
230 1184 427 1282 imperium
449 1207 589 1255 summa
609 1206 693 1255 cum
713 1197 775 1255 tua
797 1181 972 1280 dignitate
997 1198 1176 1281 sequutus

102 1319 159 1382 es3
178 1307 242 1366 ant
263 1307 361 1366 certe
377 1291 429 1364 illi
448 1293 625 1390 integram
648 1316 797 1366 omnem
817 1315 961 1364 causam
978 1316 1172 1366 reservare.

102 1404 198 1478 Illud
215 1428 305 1477 vero
321 1401 490 1476 dubitare
506 1427 583 1478 non
604 1400 728 1492 debes,
740 1404 831 1501 quin
850 1415 924 1474 tarn
943 1413 1086 1500 grave⁷,
1099 1417 1175 1474 tam

102 1513 270 1604 firmum,
293 1528 367 1588 tam
384 1512 580 1586 honestum
596 1513 840 1611 municipium
859 1509 926 1586 tibi
945 1527 1009 1586 tuo
1033 1537 1175 1586 summo

101 1621 280 1697 beneficio
296 1625 335 1696 in
352 1637 571 1722 perpetuum
587 1621 740 1722 obligari
756 1623 855 1696 velis.

148 1732 221 1806 Sed
236 1735 332 1824 baec,
354 1749 435 1832 quae
454 1757 564 1833 supra
586 1734 720 1832 scripta
737 1749 842 1821 sunt,
860 1757 905 1804 eo
929 1747 1110 1831 spectant,
1133 1749 1176 1806 ut

104 1858 139 1915 te
157 1842 285 1916 horter
302 1858 341 1916 ct
355 1843 535 1916 suadeam.
545 1843 699 1942 Reliqua
717 1857 814 1930 sunt,
825 1867 907 1942 quae
925 1845 1110 1942 pertinent
1127 1842 1175 1915 ad

101 1951 305 2051 rogandum
321 1967 478 2025 :utnon
494 1953 614 2025 solum
625 1966 687 2024 tua
704 1976 813 2025 causa
828 1951 895 2024 tibi
908 1953 1102 2025 consilium
1115 1978 1174 2026 me

101 2061 188 2136 dare
217 2077 343 2162 putes,
371 2061 436 2136 sed
463 2066 593 2152 etiam,
613 2059 715 2161 quod
738 2062 829 2140 mihi
857 2087 952 2162 opus
980 2065 1044 2150 sit,
1071 2087 1131 2133 me
1155 2087 1177 2132 a

101 2187 136 2246 te
155 2187 281 2274 petere
300 2185 337 2244 ct
355 2195 493 2270 rogare.
511 2172 764 2244 Gratissimum
787 2173 896 2269 igitur
918 2169 1008 2242 mihi
1031 2167 1175 2259 feceris,

98 2283 129 2356 si
142 2281 400 2356 Volaterranos
413 2281 584 2356 omnibus
597 2279 707 2356 rebus
721 2283 882 2380 integros
895 2281 1174 2380 incolumesque

99 2417 177 2468 esse
194 2393 367 2468 volueris.
387 2397 521 2465 Eorum
542 2417 609 2490 ego
624 2392 825 2484 domicilia,
845 2389 963 2480 sedes,
982 2416 1079 2480 rern,
1099 2389 1173 2463 for-

100 2517 230 2592 tunas,
245 2527 328 2601 quae
348 2527 369 2575 a
390 2504 457 2576 diis
477 2502 761 2593 immortalibus,
782 2516 853 2578 eta
871 2503 1172 2602 praestantissimis

96 2614 135 2688 in
145 2629 272 2688 nostra
284 2612 472 2713 republica
485 2613 635 2702 civibus,
650 2637 795 2688 summo
811 2627 956 2686 senatus
970 2611 1173 2712 populique

96 2725 242 2798 mmani
259 2723 399 2815 studio,
416 2737 636 2798 conservata
653 2737 759 2814 sunt,
787 2737 858 2796 tuae
879 2720 965 2794 fidei
980 2776 990 2810 ,
1005 2721 1171 2818 justitiae,

95 2834 330 2934 bonitatique
350 2831 579 2908 commendo.
600 2835 637 2906 Si
659 2858 727 2933 pro
745 2834 835 2906 meis
858 2833 1017 2933 pristinis
1038 2830 1172 2931 opibus

96 2943 308 3019 facultatem
324 2943 414 3019 mihi
432 2967 490 3016 res
504 2942 574 3018 hoc
594 2957 760 3042 tempore
777 2943 897 3032 daret,
914 2956 956 3014 ut
974 2943 1023 3014 ita
1042 2939 1170 3015 delen·

96 3052 186 3128 dere
201 3077 346 3156 possem
367 3053 641 3142 Volaterranos,
663 3051 974 3153 quemadmodum
996 3054 1171 3126 consuevi

97 3164 194 3236 tueri
214 3187 336 3252 meos;
361 3163 503 3235 nullum
518 3161 697 3250 officium,
715 3162 857 3234 nullum
876 3161 1036 3260 denique
1057 3178 1171 3236 certa·

96 3297 201 3363 men,
222 3274 353 3372 inquo
374 3273 442 3346 illis
462 3273 636 3372 prodesse
654 3297 816 3374 possem,
841 3274 1167 3372 praetermitterem.

97 3381 187 3470 Sed,
211 3377 384 3482 quando⁸
401 3383 499 3484 apud
521 3398 557 3456 te
575 3383 812 3455 nibilominus
834 3379 906 3455 hoc
927 3395 1092 3480 tempore
1111 3405 1168 3453 va-

96 3489 173 3564 lere
189 3517 249 3566 rue
263 3491 424 3578 confido,
438 3517 549 3591 quam
563 3492 737 3566 valuerim
754 3517 899 3591 semper
915 3489 1013 3591 apud
1026 3515 1168 3580 omnes;

5 3619 6 3627 ’
97 3625 167 3702 pro
179 3617 305 3675 nostra
317 3627 458 3675 summa
471 3601 755 3692 necessitudine,
773 3605 924 3703 parique
937 3605 1033 3675 inter
1048 3626 1116 3674 nos
1131 3617 1168 3675 et

5 3787 6 3802 ,
95 3727 226 3787 munta
243 3711 487 3788 benivolentia
498 3712 563 3786 abs
577 3726 613 3785 te
630 3727 729 3814 pete,
743 3728 785 3785 ut
803 3714 853 3785 ita
866 3713 912 3786 de
924 3710 1167 3784 Volaterranis

131 3907 158 3959 δ.
173 3909 267 3959 Primo.
277 3909 429 3974 Qnibmdarn
446 3909 516 3960 libris
532 3910 609 3960 deest.
691 3927 715 3972 7.
728 3911 787 3958 Tam
798 3925 881 3976 grava
891 3909 980 3965 Grave,
991 3909 1167 3981 moribustfir-

96 3987 437 4053 vatovtdetnrgtcnema.
653 4006 738 4052 mum,
754 3989 860 4054 opibns;
878 3987 1016 4048 donatum,
1036 3990 1166 4054 splendore

131 4069 158 4116 6.
170 4069 201 4116 ln
216 4067 272 4133 lege
284 4067 394 4133 agroru.
410 4070 490 4132 Quen
506 4068 537 4118 dc
549 4083 608 4134 agro
652 4068 814 4132 municipum.
826 4069 899 4119 un.

98 4147 222 4212 Campano
235 4159 261 4196 et
273 4147 370 4197 stethu
384 4147 522 4198 dividundo
540 4148 605 4198 tulit.
688 4147 783 4208 uAttt,
804 4165 886 4213 quam.
898 4150 960 4198 Η.
972 4149 1000 4198 L.
