2882 4920
375 445 650 532 EPISTOLAE‚
671 447 790 530 xm,
818 446 871 529 td.
1111 446 1158 518 23

89 569 173 638 Peto
187 588 210 636 a
229 578 266 636 te
282 563 354 636 hoc
369 562 598 663 diligentius,
611 591 725 664 quam
742 566 866 638 simea
879 589 937 640 ces
950 583 1062 656 esset,
1079 593 1157 666 quo

90 689 140 748 est
162 675 354 747 honestius
373 675 421 748 de
440 679 643 748 amicorum
662 677 817 776 pecunia
839 675 1022 767 laborare,
1047 703 1158 774 quam

89 785 130 858 de
148 811 235 872 sua,
259 799 301 857 ut
314 789 503 884 negotium
516 785 789 862 conficiendum
805 810 931 872 cures3
949 787 1026 886 ipse
1048 788 1159 860 susci·

89 897 181 994 pias,
199 901 397 995 transigas,
409 921 634 995 operamque
646 896 728 987 des,
741 896 867 995 quoad
883 895 949 969 tibi
965 921 1109 994 aequum
1122 912 1159 970 et
1204 913 1214 936 ’

88 1021 228 1076 rectum
246 1003 441 1096 videbitur,
459 1021 501 1078 ut
518 1031 629 1106 quam
644 1006 935 1080 commodissima
948 1005 1160 1080 conditione

89 1113 242 1186 libertus
258 1113 457 1204 Strabonis,
475 1121 540 1214 qui
562 1117 640 1213 ejus
659 1121 711 1189 rei
730 1141 836 1189 causa
854 1121 984 1188 missus
1002 1132 1077 1206 est,
1098 1143 1161 1190 ne·

89 1225 230 1321 gotium
243 1223 424 1312 conficiat,
440 1226 485 1298 ad
496 1251 741 1326 nummosque
749 1229 948 1326 perveniat.
963 1226 1006 1297 ld
1019 1242 1055 1298 et
1071 1227 1160 1299 mihi

90 1336 333 1432 giatissimum
349 1341 436 1422 erit;
457 1352 494 1410 et
507 1352 549 1410 tn
565 1342 642 1438 ipse
655 1345 695 1412 L.
709 1341 844 1412 Titium
860 1362 1056 1436 cognosces
1069 1343 1161 1410 ami-

90 1447 172 1518 citia
189 1460 254 1517 tua
273 1444 535 1544 dignissimum.
556 1448 665 1539 Quod
681 1464 724 1521 ut
742 1447 810 1522 tibi
828 1473 924 1520 curae
940 1449 1006 1536 sit,
1021 1463 1062 1520 nt
1080 1473 1162 1520 om-

91 1559 149 1627 nia
174 1555 295 1630 solent
321 1582 420 1645 esse,
442 1583 525 1656 quae
553 1585 613 1632 me
633 1560 725 1632 velle
747 1564 837 1650 scis,
867 1573 904 1631 te
927 1559 1161 1634 vehementer

92 1667 199 1736 etiam
216 1680 328 1764 atque
348 1671 456 1740 etiam
472 1691 576 1768 rogo.

422 1877 1163 1901 mmmmm

412 2070 720 2202 EPISTOLA
750 2069 844 2148 XV.

94 2235 257 2294 Precilium
271 2235 499 2308 adolescentem,
512 2252 596 2316 patre
613 2253 714 2298 natum
727 2237 851 2298 cesaris
868 2236 1059 2311 amicissimo,
1079 2257 1163 2298 com-

129 2327 259 2390 mendat
272 2331 385 2392 Cesare
395 2335 437 2392 lv
451 2351 512 2392 cos.
526 2332 588 2392 sine
603 2332 725 2410 collega.
741 2332 884 2410 (Asturae,
902 2350 979 2392 anno
991 2336 1028 2394 U.
1042 2336 1074 2394 C.
1090 2335 1161 2406 708,

132 2439 233 2481 mense
247 2419 359 2502 aprili.)

293 2589 340 2653 Μ.
350 2591 388 2654 Τ.
408 2591 445 2657 C.
463 2591 500 2656 C.
521 2588 688 2657 CAESARI
711 2590 799 2654 IMP.
815 2589 852 2656 ’5.
871 2589 909 2654 P.
923 2591 963 2654 D.

14 2753 16 2846 ζ
142 2745 352 2814 Pucinum
379 2743 447 2814 tibi
477 2741 695 2818 commendo
718 2744 845 2831 unice,
873 2747 927 2813 tui
954 2747 1163 2832 necessarii,

95 2855 166 2922 mei
189 2847 474 2943 familiarissimi,
500 2855 567 2925 viri
591 2855 722 2952 optimi
749 2851 885 2942 filium,
914 2877 1026 2950 quem
1048 2878 1165 2950 quum

95 2959 363 3034 adolescentem
389 2967 527 3062 ipsum,
548 2978 699 3064 propter
720 2963 799 3058 ejus
828 2960 1062 3050 modestiam,
1093 2960 1165 3033 hn-

96 3075 324 3160 manitatem,
342 3074 524 3164 animum,
541 3089 578 3146 et
589 3097 748 3146 amorem
761 3095 846 3170 erga
861 3094 920 3141 me
934 3070 1166 3167 singularem,

95 3181 250 3255 mirifice
268 3181 397 3282 dilig0;
412 3200 491 3256 tum
510 3199 650 3283 patrem
668 3183 766 3277 ejus,
784 3206 823 3253 re
842 3181 990 3268 doetus,
1004 3180 1167 3254 intellexi

96 3307 131 3362 et
145 3289 258 3362 didici
270 3291 358 3362 mihi
372 3291 480 3366 fnisse
497 3317 641 3392 semper
653 3293 920 3364 amicissimum.
941 3293 1015 3380 En,
1034 3290 1093 3363 hic
1106 3291 1168 3364 ille

15 3495 17 3546 y
96 3416 176 3478 est‘
196 3404 243 3477 de
259 3405 328 3478 illis
343 3411 516 3498 maxime,
530 3413 596 3506 qui
609 3407 759 3480 irridere
774 3421 884 3505 atque
901 3404 1096 3504 objurgare
1109 3430 1167 3476 me

134 3603 371 3664 „tamesis
392 3606 613 3672 mimmii
657 3605 1170 3671 smnposnmemxumm·
1244 3585 1266 3614 '¹

98 3682 249 3732 mudum
270 3682 356 3733 locus:
378 3695 431 3736 tun
450 3687 507 3751 quis
529 3703 614 3736 senene
656 3701 722 3744 nm,
739 3684 1172 3750 wlamegmgtnlermurm

15 3793 16 3812 l
99 3761 206 3811 Pmoilii
216 3773 243 3812 et
254 3763 363 3812 studium
377 3779 433 3830 ergo
442 3765 563 3816 Cunna
573 3767 615 3814 de·
657 3765 816 3827 conjudices,
831 3777 902 3816 etos·
913 3765 993 3814 Plano
1005 3763 1033 3812 in
1044 3765 1172 3826 samm,

16 4127 18 4172 l

16 4205 18 4266 l

17 4769 18 4796 l

100 3841 615 3911 ehnmtumetiamfflulsfflcemqna
658 3849 741 3895 num
758 3861 839 3905 nnnc,
857 3845 878 3892 si
896 3844 957 3893 velia
973 3843 1171 3904 defocanmoda

101 3921 320 3971 adalmodem
329 3925 614 3990 Cnurempntamoee
658 3924 753 3974 homini
772 3925 925 3974 unico-‚Et
944 3924 971 3973 in
993 3927 1067 3991 capt.
1087 3926 1170 3972 -flem

102 3999 143 4050 dat
151 4017 262 4066 omn,
271 4013 299 4051 ιι
312 4003 383 4054 illum
394 4003 548 4063 olbienocio
556 4021 615 4054 ooo·
659 4003 721 4052 nihi
730 4005 781 4065 jan
794 4003 872 4052 otium
886 4013 951 4054 est».
968 4003 1059 4054 &hiis
1071 4003 1104 4051 de
1119 4002 1171 4060 illis

102 4079 222 4140 suem,
243 4083 502 4134 mmmm-unu.
516 4083 616 4133 volebst
660 4083 765 4143 delevit,
781 4081 850 4146 qnod
869 4083 972 4148 quidem
992 4083 1118 4134 nomem
1138 4097 1174 4130 se-

16 4179 17 4204 l
105 4160 180 4222 dem,
198 4160 319 4225 pinculi
332 4161 616 4223 mdobntismdin·
659 4161 1049 4227 qmwteumdnmmt.
