2882 4920
261 408 309 481 26
583 409 633 482 M.
658 413 698 482 T.
725 409 1013 484 CICERONIS

261 531 399 618 Crassi,
425 545 464 604 et
483 529 625 628 adeius
641 535 784 631 optima
802 531 923 606 studia
945 531 1183 606 vehementer
1212 545 1331 630 aptus.

259 648 387 739 ltaque
407 639 510 713 abeo
528 641 727 713 admodum
745 642 975 742 diligebatur.
995 646 1080 713 Post
1097 655 1253 714 mortem
1271 666 1334 714 au·

260 766 335 823 tem
346 752 462 822 Crassi
471 746 499 841 ³,
514 775 558 824 eo
572 751 661 822 mihi
681 753 789 825 etiam
805 752 951 852 dignior
961 753 1057 824 visus
1072 766 1146 839 est,
1161 776 1273 849 quem
1291 753 1333 822 in

259 859 369 933 fidem
388 876 497 959 atque
517 865 708 936 amicitiam
728 888 847 936 meam
867 866 1087 959 reciperem,
1108 853 1214 959 quod
1228 885 1292 932 eos
1309 885 1332 932 a

261 993 299 1043 se
313 969 557 1043 observandos
574 987 610 1044 et
625 972 798 1047 colendos
810 972 983 1072 putabat,
998 996 1092 1072 quos
1109 969 1170 1043 ille
1185 969 1333 1070 dilexis·

262 1095 335 1170 set,
351 1096 388 1153 et
408 1079 543 1180 quibus
561 1107 664 1155 carus
684 1081 821 1155 luisset.
840 1087 968 1184 Itaque
986 1096 1022 1154 et
1041 1079 1086 1154 ad
1107 1106 1166 1152 me
1186 1085 1223 1152 in
1244 1081 1331 1151 Cili-

261 1193 381 1264 ciaml
404 1195 522 1282 venit,
545 1193 743 1292 multisque
772 1197 810 1264 in
837 1191 947 1264 rebus
970 1189 1060 1262 mihi
1085 1215 1219 1290 magno
1249 1195 1332 1261 usui

261 1299 332 1374 luit
350 1316 387 1374 et
401 1299 491 1374 fides
509 1303 605 1399 ejus,
625 1318 661 1375 et
679 1301 893 1404 prudentia3
909 1316 962 1391 et,
985 1315 1027 1372 ut
1045 1305 1189 1400 opinor,
1206 1299 1273 1372 tibi
1293 1303 1333 1396 in

260 1409 506 1485 Alexandrino
520 1411 636 1502 bello,
658 1429 839 1512 quantum
857 1410 977 1485 studio
996 1425 1033 1482 et
1049 1409 1221 1483 fidelitate
1242 1435 1333 1482 con-

261 1525 367 1620 sequi
388 1526 529 1621 potuit,
559 1550 634 1596 non
656 1521 783 1596 defuit.
812 1521 922 1614 Quod
944 1547 1062 1621 quum
1087 1535 1267 1620 speraret,
1297 1535 1335 1592 te

264 1658 413 1731 quoque
431 1637 481 1706 ita
501 1639 722 1721 existimare,
741 1638 781 1706 in
794 1635 1012 1732 ¹Hispaniam
1032 1631 1078 1703 ad
1095 1646 1151 1716 te,
1176 1634 1335 1703 maxime

263 1743 325 1814 ille
344 1743 494 1840 quidem
511 1770 582 1818 stro
601 1745 775 1835 consilio,
801 1743 865 1816 sed
888 1746 997 1815 etiam
1014 1767 1074 1814 me
1094 1755 1259 1829 auctore,
1276 1755 1336 1812 est

262 1851 459 1954 profectus.
479 1857 549 1927 Cui
569 1881 637 1954 ego
655 1854 1009 1928 commendationem
1027 1877 1102 1924 non
1122 1877 1202 1925 sum
1223 1851 1334 1950 polli-

265 1967 379 2062 citps,
400 1990 477 2037 non
506 1969 597 2063 quin
623 1991 702 2038 eam
725 1966 914 2038 valituram
939 1961 1038 2062 apud
1060 1977 1097 2034 te
1118 1960 1334 2033 arbitrarer:

264 2073 327 2146 sed
348 2099 469 2174 neque
481 2075 572 2146 milri
587 2100 692 2174 egere
706 2073 1024 2148 commendatione
1042 2069 1250 2156 videbatur,
1267 2073 1335 2166 qui

266 2199 303 2255 et
323 2186 362 2255 in
390 2182 488 2256 bello
513 2201 634 2258 tecum
660 2184 810 2274 fuisset,
848 2199 907 2273 et,
935 2198 1086 2284 propter
1120 2181 1337 2254 memoriam

266 2295 404 2380 Crassi,
429 2291 475 2364 de
495 2297 567 2366 tuis
587 2319 684 2367 unus
704 2310 819 2381 esset;
842 2308 896 2384 et,
923 2297 953 2366 si
972 2297 1024 2364 uti
1048 2290 1336 2364 commendatio-

267 2399 379 2472 nibus
401 2401 525 2491 vellet,
554 2406 662 2476 etiam
688 2429 755 2503 per
781 2404 870 2476 alios
889 2429 973 2476 eum
995 2401 1166 2474 videbam
1187 2401 1223 2474 id
1244 2425 1336 2472 con-

266 2514 371 2608 sequi
387 2536 505 2611 posse.
524 2517 787 2588 Testimonium
798 2513 935 2588 meida
953 2540 998 2586 eo
1011 2511 1160 2612 judicii,
1179 2511 1279 2609 quod
1298 2526 1338 2583 et

266 2621 344 2718 ipse
365 2625 486 2718 magni
511 2623 727 2714 aestimabat,
750 2641 786 2697 et
810 2650 877 2722 ego
902 2623 999 2724 apud
1027 2637 1063 2694 te
1090 2622 1208 2694 valere
1235 2646 1338 2693 eram

266 2744 454 2828 expertus,
478 2735 510 2804 ei
537 2733 692 2808 libenter
713 2735 806 2808 dedi.
830 2741 989 2806 Doctum
1016 2736 1127 2831 igitur
1151 2734 1339 2805 hominem

266 2844 439 2936 cognovi,
459 2857 495 2915 et
516 2846 644 2917 studiis
666 2849 813 3027 opgmis
832 2845 1017 2933 deditum,
1035 2843 1147 2941 idque
1166 2869 1187 2915 a
1203 2868 1334 2942 puero.

266 2951 359 3020 Nam
377 2948 477 3022 domi
498 2977 587 3025 meae
608 2981 692 3027 cum
751 2955 877 3027 iodoto
898 2959 1033 3042 stoico,
1058 2954 1223 3042 homine,
1252 2978 1339 3025 meo

265 3059 423 3155 judicio,
438 3065 695 3152 eruditissimo,
709 3066 868 3140 multum
886 3089 907 3138 a
920 3089 1037 3164 puero
1054 3062 1135 3138 luit.
1147 3066 1257 3136 Nunc
1270 3087 1338 3134 au-

267 3183 361 3260 tem,
375 3175 543 3246 incensus
561 3177 683 3248 studio
697 3201 822 3249 rerum
836 3191 997 3263 tuarum,
1012 3199 1070 3248 eas
1084 3173 1196 3245 literis
1213 3174 1340 3270 graecis

267 3281 439 3356 mandare
459 3289 570 3384 cupit.
592 3291 698 3360 Posse
720 3287 899 3360 arbitror:
920 3286 1014 3358 valet
1032 3287 1180 3383 iugenio
1199 3311 1207 3354 ι
1227 3281 1342 3354 habet

268 3416 401 3463 usum:
415 3393 492 3490 jam
511 3395 652 3496 pridem
670 3402 710 3468 in
732 3423 776 3469 eo
797 3423 929 3496 genere
949 3395 1058 3467 studii
1078 3394 1339 3489 literarumque

268 3517 466 3575 versatur:
495 3505 697 3580 satisfacere
727 3508 987 3580 immortalitati
1015 3501 1166 3578 laudum
1192 3520 1340 3575 tuarum
1431 3579 1432 3582 ,

269 3610 481 3686 mirabiliter
495 3619 606 3716 cupit.
625 3616 745 3689 Habes
766 3619 950 3718 opinionis
965 3642 1052 3691 meae
1068 3615 1341 3700 testimouium

270 3719 336 3790 scd
354 3737 393 3793 tu
411 3723 483 3798 hoc
498 3725 637 3798 facilius
658 3727 793 3816 multo,
814 3753 882 3829 pro
904 3744 967 3800 tua
986 3725 1159 3826 singulari
1176 3724 1341 3826 pruden-

271 3832 335 3918 tia,
346 3829 536 3926 judicabis.
550 3841 594 3907 Et
608 3851 749 3928 tamen,
762 3837 863 3936 quod
880 3863 1106 3938 negaveram,
1121 3833 1343 3909 commendo

309 4057 334 4106 ³.
342 4057 429 4107 Crassi.
437 4059 511 4107 Periit
520 4059 621 4111 Publius
628 4079 684 4112 cnm
694 4075 784 4128 patrea
866 4075 892 4122 t.
910 4067 941 4112 Ia
956 4063 1075 4114 wirina
1093 4064 1162 4123 Alii,
1179 4064 1206 4112 in
1222 4061 1343 4114 Siciliam.

274 4136 369 4186 amnt·
378 4138 546 4204 interemptus.
561 4141 607 4189 En.
828 4145 898 4192 Η.
909 4147 936 4194 L.
