2882 4920
281 341 327 428 34
410 411 413 418 ,
602 348 649 416 Μ.
677 348 716 416 Τ.
742 345 1036 416 CICERONIS

276 527 1298 564 mmmmmmmmmmmmfflmfflm
1303 534 1348 556 m

576 711 873 792 EPISTOLA
906 712 1050 790 XXII.

275 881 309 935 T.
323 873 464 936 Manlium
478 891 532 932 suo
547 886 577 931 et
589 872 730 932 Varronis
752 871 870 930 nomine
893 871 1089 932 commendat.
1111 873 1247 952 (Rome,
1268 893 1346 932 anno

722 970 757 1025 U.
771 969 803 1024 C.
822 967 902 1043 707.)

610 1133 769 1200 CICERO
792 1135 950 1200 SERVIO
973 1135 1006 1200 S.

321 1293 360 1360 T.
379 1289 571 1368 Msumusr,
589 1283 654 1378 qui
670 1283 877 1379 negotiatur
889 1280 1089 1380 Thespiis¹,
1110 1282 1345 1356 vehementer

272 1399 391 1496 diligo.
420 1399 510 1468 Nam
534 1406 570 1464 et
590 1415 732 1489 semper
753 1415 812 1462 me
830 1391 967 1480 coluit,
996 1391 1343 1493 diligentissimeque

270 1506 494 1589 observavit,
515 1517 550 1574 et
569 1525 590 1572 a
608 1501 734 1572 studiis
756 1505 889 1572 nostris
901 1528 977 1573 nou
991 1501 1174 1575 abhorret.
1192 1505 1344 1578 Accedit

270 1635 333 1704 eo,
357 1613 456 1712 quod
476 1619 590 1686 Varro
604 1613 779 1681 Murena²
794 1635 1015 1710 magnopere
1036 1615 1113 1708 ejus
1134 1638 1242 1686 causa
1262 1615 1345 1686 vult

270 1729 393 1798 omnia
407 1753 416 1794 z
431 1723 496 1821 qui
510 1736 631 1792 tamen
647 1721 878 1808 existimavit,
896 1723 961 1793 etsi
980 1727 1052 1793 suis
1066 1723 1189 1811 literis,
1205 1721 1342 1820 quibus

269 1836 337 1908 tibi
353 1834 531 1907 Manlium
546 1829 845 1919 commendabat,
863 1830 963 1902 valde
983 1829 1200 1921 confideret,
1216 1845 1341 1904 tamen

268 1971 349 2018 mea
362 1941 678 2017 commendatione
691 1937 831 2037 aliquid
843 1943 1056 2013 accessionis
1069 1939 1157 2015 fore.
1176 1947 1236 2015 Me
1255 1947 1340 2039 qui-

268 2058 352 2129 dem
371 2079 486 2154 quum
500 2053 627 2125 Manlii
642 2048 877 2138 familiaritas,
891 2066 970 2123 tum
985 2057 1158 2124 Varronis
1175 2044 1352 2126 studium'

269 2169 484 2248 commovit,
512 2175 554 2232 ut
575 2160 620 2232 ad
647 2175 811 2256 tequam
841 2165 1105 2233 accuratissime
1132 2160 1339 2235 scriberem.

266 2276 518 2347 Gratissimum
540 2273 650 2367 igitur
668 2267 758 2338 mibi
782 2266 925 2354 feceris,
946 2245 975 2341 s‘i
997 2269 1082 2343 huic
1101 2273 1337 2345 commenda·

266 2389 359 2457 tioui
386 2409 475 2456 mere
499 2395 639 2452 tantum
663 2378 854 2467 tribueris,
888 2397 1066 2478 quantum
1094 2383 1153 2455 cui
1180 2382 1339 2458 tribuisti

264 2496 484 2595 plurimum:
500 2491 537 2562 id
549 2504 622 2576 est,
638 2492 668 2562 si
681 2495 720 2560 T.
737 2490 912 2561 Manlium
931 2517 1041 2590 quam
1056 2495 1231 2584 maxime,
1250 2500 1337 2591 qui-

265 2603 496 2700 buscumque
510 2600 621 2671 rebus
634 2599 787 2671 honeste
799 2624 840 2670 ac
850 2624 917 2698 pro
929 2615 991 2672 tua
1002 2601 1174 2699 dignitate
1183 2607 1337 2700 poteris,

262 2717 397 2812 juveris
412 2728 522 2810 atque
539 2711 740 2782 ornaveris:
758 2735 802 2780 ex
818 2711 1004 2807 ipsiusque
1018 2724 1190 2809 praeterea
1207 2714 1338 2808 gratis·

265 2826 363 2897 simis
378 2837 415 2895 et
429 2822 694 2893 humanissimis
710 2817 873 2890 moribus
888 2817 1065 2890 confirmo
1079 2818 1160 2905 tibi,
1176 2834 1213 2891 te
1231 2846 1337 2910 eum,

263 2958 373 3033 quem
392 2932 505 3020 soles,
525 2929 683 3002 fructum
700 2953 720 2998 a
737 2927 920 3000 bonorum
939 2931 1100 2999 virorum
1119 2927 1247 3002 officiis
1268 2957 1336 3003 ex-

261 3058 440 3144 spectare,
465 3065 542 3115 esse
561 3053 763 3137 capturum.

300 3241 323 3274 r.
338 3223 454 3288 Thespiis.
469 3221 534 3271 Urbs
547 3221 648 3270 Boeotise
661 3219 706 3269 snb
722 3223 771 3270 IIc·
815 3231 920 3278 servato,
933 3230 960 3268 ut
970 3221 1081 3286 Pompeii
1094 3222 1179 3286 Magni
1194 3237 1264 3272 socer
1281 3225 1334 3274 Sci-

259 3305 340 3354 iicone
354 3302 386 3350 sd
398 3302 478 3350 sinum
490 3301 628 3360 Crisseum,
641 3301 719 3348 Musis
733 3317 770 3348 ss·
814 3298 858 3362 pio
869 3299 999 3358 Metellus,
1016 3300 1149 3363 adoptatus
1160 3317 1175 3350 s
1187 3303 1219 3364 Q.
1229 3303 1334 3354 Caecilio

258 3400 307 3432 crs.
320 3384 407 3431 Osstv.
815 3377 917 3425 Metello
927 3379 984 3437 Pio,
994 3395 1071 3442 quum
1083 3389 1145 3426 esset
1156 3391 1224 3426 entes
1234 3381 1332 3432 Corne.

294 3479 318 3512 ῃ.
330 3466 409 3512 Veron
417 3461 482 3510 Mur.
491 3463 563 3508 Hunc
572 3463 707 3506 Varronem
714 3459 771 3506 Mu·
814 3455 856 3504 tie
874 3457 969 3520 gentis;
989 3469 1017 3506 nt
1035 3461 1114 3506 Varro
1136 3457 1267 3517 Lucullus,
1285 3478 1332 3526 qm

258 3558 340 3590 renem
351 3539 422 3588 Iscilo
437 3538 583 3588 crediderim
594 3541 645 3600 ejus
654 3538 771 3586 Varronis
815 3551 880 3584 anuo
892 3538 924 3584 U.
933 3539 960 3587 C.
971 3539 1022 3588 sto
1040 3537 1126 3588 consul
1142 3539 1205 3598 suis,
1226 3553 1332 3605 eccepto

257 3618 772 3684 Morensepstremfuisse,quicumdugosto
815 3617 934 3666 Terentise
954 3619 1033 3680 gentis
1052 3619 1214 3684 cognomine,
1230 3619 1332 3670 Licinia

258 3697 554 3763 A.U.73000nsnlsttsns
562 3697 771 3761 gessit.Vsrronee
814 3706 918 3744 retento.
945 3699 1059 3744 Murano
1086 3713 1144 3744 vero
1173 3695 1332 3748 scribendum

257 3777 769 3842 cuntramnusgentis,rtnrenaesutem,
814 3789 880 3832 esse,
895 3788 946 3823 non
962 3777 1082 3832 Meamne,
1101 3791 1176 3839 quom
1193 3791 1207 3824 s
1224 3775 1332 3848 μυραίνᾳ

258 3855 377 3905 Liciaiss:
393 3857 415 3902 is
434 3855 509 3918 Igitur
523 3853 620 3903 videtur
635 3870 666 3902 ex
683 3855 729 3904 slis
743 3855 770 3903 in
813 3853 879 3915 pisce
901 3852 1050 3912 deducetur,
1070 3865 1097 3902 ut
1112 3855 1159 3903 alis
1173 3871 1330 3907 romanarum

256 3937 328 3984 siisrn
337 3951 381 3998 per
388 3933 546 3997 adoptionem
555 3935 688 3982 transiisse:
697 3935 767 3984 Man.
813 3932 921 3994 gentium
934 3933 1079 3996 cognomina
1088 3967 1095 3991 ,
1111 3933 1169 3980 licet
1182 3935 1331 3986 adversante

254 4018 336 4056 eutem
352 4005 425 4064 (ficit,
439 4021 470 4052 ex
480 4005 572 4053 Licinis
583 4005 608 4052 iu
619 4005 767 4064 Terentiam,
811 4009 920 4074 lapidum
937 4013 1096 4076 antiquorum
1113 4013 1275 4075 auetoritste,
1294 4017 1328 4065 Ii·

254 4101 320 4134 novo
328 4084 475 4149 cognomine
484 4095 603 4149 eccepto,
616 4095 696 4132 vetere
705 4100 766 4134 con·
811 4087 897 4138 beuter
909 4091 1104 4140 existimaverim.
1117 4093 1190 4141 ΜΗ.
