2882 4920
382 445 677 531 EPISTOLAE,
696 447 820 530 XIII,
845 469 873 514 r.
1074 443 1076 450 ’
1138 447 1159 518 3

101 570 203 640 animi
217 568 288 653 tui,
302 567 535 664 perversitate
554 565 760 662 aliquorum
777 567 887 659 (novi
900 569 997 638 euim
1015 583 1161 665 gentem

100 677 189 748 illam
200 687 213 734 ⁷
226 675 257 770 ),
268 675 333 748 des
346 691 382 747 te
399 675 445 750 ad
463 675 665 762 leuitatem,
683 675 741 748 vel
755 691 906 774 propter
918 675 1044 749 tuam8
1062 705 1162 752 sum·
1189 663 1194 672 ¹

98 813 187 860 marn
196 785 478 874 humanitatem,
491 785 548 862 vel
559 787 668 858 etiam
680 783 831 858 honoris
843 789 916 858 mei
928 810 1043 861 causa.
1056 793 1164 890 Equi·

98 897 193 985 dem,
208 899 260 983 si,
275 895 364 992 quid
378 898 456 994 ipse
471 897 642 994 sentiam,
657 898 810 994 queris,
825 911 916 985 uec,
929 921 996 968 cur
1011 898 1071 970 ille
1090 915 1164 972 tan·

98 1021 219 1106 topere
237 1003 457 1094 contendat,
474 1003 597 1094 video,
621 1030 689 1077 nec
708 1030 773 1078 cur
791 1020 833 1078 tu
852 1029 1035 1104 repugnes
1057 1035 1067 1079 ε
1093 1015 1162 1082 nisi

99 1131 214 1188 tamen
235 1114 352 1186 multo
370 1116 491 1186 minus
516 1113 584 1186 tibi
613 1115 765 1188 concedi
792 1130 933 1214 potest,
963 1139 1074 1215 quam
1094 1120 1165 1210 illi,

98 1225 257 1298 laborare
267 1229 346 1298 sine
360 1249 478 1298 causa.
489 1227 722 1324 Quamquam
731 1229 894 1298 Patronis
905 1241 941 1300 et
951 1233 1166 1320 orationem,

98 1351 131 1408 et
150 1359 296 1408 causam
315 1333 382 1406 tibi
403 1337 585 1432 cognitam
614 1359 692 1408 esse
718 1351 818 1408 certo
842 1340 929 1409 scio.
956 1343 1162 1428 Honorem,

98 1445 275 1534 officium,
292 1459 591 1518 testamentorum
607 1446 701 1542 just,
720 1451 869 1545 Epicuri
887 1453 1164 1536 auctoritatem,

14 1589 15 1592 ¹
98 1555 234 1628 Pha-dri
250 1555 532 1628 obtestationem
542 1565 586 1644 ¹⁰,
605 1556 741 1644 sedem,
760 1555 1004 1646 domicilium,
1015 1565 1166 1658 vestigia

99 1691 322 1738 summorum
339 1665 551 1755 hominum,
567 1663 638 1736 sibi
657 1667 793 1739 tuenda
814 1691 891 1740 esse
914 1668 1013 1740 dicit.
1035 1673 1165 1742 Totam

99 1777 251 1848 hominis
266 1779 377 1846 vitam
389 1778 656 1874 rationemque,
673 1799 784 1876 quam
801 1781 968 1875 sequitur
985 1781 1025 1850 in
1046 1778 1166 1878 pinto-

98 1886 240 1985 sophia,
258 1884 486 1958 derideamus
505 1883 610 1975 licet,
624 1888 652 1958 si
674 1883 769 1958 hanc
788 1887 867 1983 ejus
889 1891 1166 1962 contentionem

97 1999 262 2070 volumus
279 1993 558 2094 reprehendere.
577 1995 663 2079 Sed,
682 1995 927 2080 mehercules,
945 1995 1096 2092 quando
1114 1997 1168 2068 llli

98 2111 316 2205 ceterisque,
333 2127 426 2204 quos
443 2105 504 2176 illa
522 2103 719 2193 delectant3
736 2127 812 2176 non
830 2104 934 2176 valde
951 2105 1090 2176 inimici
1109 2129 1167 2176 su·

98 2244 193 2306 mus;
217 2218 342 2288 nescio
364 2240 411 2286 an
431 2212 697 2312 ignoscendum
723 2217 769 2286 sit
793 2213 899 2303 huic,
925 2216 955 2285 si
975 2227 1168 2312 tantopere

97 2325 259 2399 laborat:
278 2327 317 2395 in
331 2349 407 2423 quo
420 2324 561 2395 etiamsi
578 2338 725 2420 peccat,
741 2325 853 2420 magis
872 2326 1040 2422 ineptus,
1054 2349 1166 2421 quam

95 2433 329 2536 improbitate
353 2446 489 2531 peccat.
510 2431 601 2522 Sed,
626 2458 673 2504 ne
695 2433 799 2532 plura
826 2432 1048 2530 (dicendum
1068 2436 1167 2505 enim

95 2545 289 2644 aliquando
305 2543 401 2640 est),
423 2547 667 2643 Pomponium
687 2548 845 2616 Atticum
863 2548 914 2618 sic
931 2570 1037 2635 amo,
1057 2561 1099 2618 ut
1115 2546 1166 2618 al·
1205 2565 1211 2578 ¹

94 2670 216 2728 terum
231 2652 390 2727 fratrem.
408 2653 508 2726 Nihil
522 2667 577 2726 est
592 2654 656 2725 illo
675 2653 765 2726 mihi
783 2679 850 2726 nec
868 2655 1004 2742 carius,
1027 2680 1097 2728 nec
1109 2657 1168 2753 ju·

94 2765 261 2838 cundius.
286 2769 321 2836 Is
346 2763 444 2861 (non
468 2787 544 2861 quo
568 2766 614 2836 sit
633 2789 679 2837 ex
698 2766 775 2836 istis
792 2775 842 2854 ¹¹3
862 2780 916 2836 est
939 2767 1038 2836 enim
1065 2769 1166 2836 omni

93 2875 236 2948 liberali
256 2873 420 2946 doctriua
438 2874 692 2973 politissimum
717 2873 780 2946 sed
794 2875 897 2948 valde
915 2873 1030 2972 diligit
1047 2880 1168 2947 Patro·

92 3011 202 3071 nem,
220 2985 325 3057 valde
345 2983 537 3057 Phaedrum
559 2983 713 3078 amavit)
736 2987 825 3056 sica
847 3008 906 3056 me
927 2983 998 3056 hoc
1019 2999 1168 3057 couten-

91 3095 168 3184 dit,
196 3093 309 3166 homo
336 3096 486 3166 minime
507 3093 740 3181 ambitiosus,
768 3096 919 3166 minime
939 3096 977 3164 in
1004 3094 1169 3194 rogando

91 3205 289 3294 molestus,
306 3218 349 3276 ut
365 3203 457 3276 nihil
474 3229 651 3302 umquam
667 3206 798 3304 magis,
814 3229 883 3278 nec
899 3203 1062 3294 dubitat,
1076 3209 1169 3304 quin

91 3411 155 3460 quas
165 3395 253 3444 Cicero
270 3400 297 3442 nt
308 3393 336 3442 in
348 3393 559 3460 contemptionem
568 3393 611 3442 sd·
654 3395 733 3446 amico
747 3409 792 3443 suo
812 3393 959 3443 Metrodoro
972 3395 1079 3443 moriens
1099 3401 1169 3442 testa-

91 3472 355 3539 murmuremus
364 3473 476 3532 vocarit,
488 3473 612 3522 esmodi
655 3481 739 3522 mento
760 3472 905 3538 reliquerat,
923 3487 954 3521 eo
972 3474 1042 3534 jure,
1062 3485 1091 3523 nt
1112 3479 1170 3538 poss

91 3555 132 3602 sui
145 3553 225 3620 gnua
236 3551 388 3602 exoedfficare
398 3563 489 3616 posset.
502 3555 576 3602 Mas.
654 3556 707 3616 ejus
719 3552 815 3602 obitum
828 3552 861 3600 sal
872 3552 934 3602 allos
952 3553 1080 3618 Epicureae
1097 3564 1170 3602 secta

131 3650 157 3694 7.
171 3633 274 3680 Gentem
286 3629 370 3680 s'ttam.
384 3631 503 3680 Graecam.
655 3633 780 3696 principes
796 3632 917 3696 possessio
935 3632 1080 3695 perveniret.
1096 3634 1170 3696 Diog.

129 3713 157 3759 8.
171 3713 259 3766 stum,
271 3710 340 3774 quod
350 3709 524 3774 shestsliquot
536 3709 611 3768 Mss,
656 3709 774 3766 bertino,
784 3709 828 3760 lib.
839 3712 874 3758 Χ.
886 3711 960 3758 Man.

92 3791 181 3839 uhts
199 3789 354 3840 Benedictus.
371 3787 462 3839 tentes
482 3789 560 3838 nones
576 3789 612 3837 Is·
696 3803 736 3838 ιο.
746 3787 848 3836 Phaedri
858 3786 1050 3836 mutasses.
1058 3789 1171 3840 ostun-

92 3871 295 3920 mmm,
659 3865 901 3929 montaneam,
919 3879 995 3930 qoam
1013 3868 1124 3930 viseret,
1140 3885 1171 3918 ue
1242 3895 1246 3902 ·

129 3967 158 4014 9.
194 3951 404 3998 rammam
423 3950 477 4015 jas.
511 3949 615 3998 Τυρώ
657 3947 745 3996 hortos
761 3947 863 4011 Epieud
879 3945 1043 4012 mphgsssnt,
1058 3963 1119 3998 usse
1130 3965 1173 3998 oe·

183 4039 383 4078 mmmm
400 4030 455 4090 iuss
475 4039 542 4078 mna.
558 4031 614 4078 Hoc
657 4027 908 4092 mpuritqooqum
917 4025 1031 4076 masat

91 4107 176 4167 etsie,
190 4107 566 4174 qulsnoshonosEpIoom,
582 4109 611 4156 in
698 4121 738 4155 ιι.
754 4104 1174 4170 Nonqaostsses'sesmtoeoteis,

90 4187 188 4254 quihus
196 4186 307 4238 hahitare
318 4203 347 4236 so
356 4187 448 4238 docere
455 4187 541 4239 solitas·
549 4197 609 4249 stat,
656 4199 685 4238 ut
696 4187 783 4245 Attico
790 4186 1173 4252 metamaucensem,
