2882 4920
269 410 315 484 38
589 414 637 480 Μ.
664 413 703 480 Τ.
729 414 1009 488 CICERONIS
1047 453 1049 458 ,

267 533 532 605 consuetudine
549 557 644 631 saepe
655 557 700 604 ex
712 557 771 604 me
787 533 964 623 audierat,
983 559 1092 632 quam
1109 537 1227 612 suavis
1239 555 1335 614 esset

265 645 361 715 inter
372 667 456 732 nos,
472 657 508 715 et
520 658 655 741 quanta
672 643 892 737 conjunctio.
907 647 996 715 Peto
1010 646 1119 742 igitur
1132 671 1154 716 a
1167 660 1216 735 te,
1229 660 1333 718 tanto

267 752 401 825 scilicet
414 751 553 840 studio,
567 767 706 849 quanto
720 752 890 852 intelligis
905 753 1039 828 debere
1055 781 1113 828 me
1125 770 1249 853 petere
1264 781 1334 854 pro

266 862 414 936 homine
428 875 501 933 tam
519 855 609 931 milli
624 863 843 950 necessario,
862 877 898 934 et
913 878 985 936 tam
1000 862 1162 937 familiari
1176 919 1186 953 ,
1200 880 1242 936 ut
1254 866 1334 961 ejus

267 973 429 1069 negotia,
451 995 531 1068 quae
553 967 636 1042 sunt
654 972 692 1042 in
708 971 859 1061 Achaia,
879 996 923 1044 ex
941 998 1004 1062 eo,
1028 972 1129 1072 quod
1150 974 1256 1044 heres
1280 987 1335 1045 est

265 1088 315 1155 M.
326 1077 478 1169 Mindio,
486 1077 586 1152 fratri
602 1104 682 1169 suo,
700 1081 764 1179 qui
777 1080 853 1151 Eli²
866 1084 1069 1179 negotiatus
1082 1096 1156 1171 est,
1174 1082 1336 1180 explices

265 1208 302 1266 et
318 1190 502 1291 expedias,
517 1215 631 1288 quum
643 1190 726 1286 jure
739 1185 776 1263 et
785 1206 974 1290 potestate,
989 1197 1099 1289 quam
1114 1190 1238 1279 babes,
1252 1206 1334 1262 tum

266 1303 372 1374 etiam
387 1302 599 1373 auctoritate
612 1316 649 1373 et
667 1303 820 1376 consilio
833 1317 908 1374 tuo.
925 1306 982 1375 Sic
999 1304 1097 1374 enim
1114 1303 1335 1401 praescripsi·

179 1441 182 1450 ’
266 1437 348 1484 mus
361 1414 419 1498 iis,
441 1411 576 1512 quibus
590 1437 633 1484 ea
651 1415 796 1512 negotia
813 1413 1084 1502 mandavimus,
1101 1427 1142 1484 ut
1161 1412 1337 1484 omnibus

266 1519 305 1593 in
322 1522 450 1606 rebus,
468 1548 549 1621 quae
570 1525 607 1594 in
625 1524 783 1622 aliquam
802 1513 1337 1609 controversiamuocarentur,

266 1646 303 1702 te
331 1631 485 1718 arbitro,
516 1647 572 1720 et,
596 1632 697 1731 quod
720 1633 915 1705 commodo
936 1650 1000 1706 tuo
1028 1633 1107 1706 fieri
1134 1648 1275 1734 posset,
1298 1648 1338 1706 te

266 1735 527 1842 disceptatore³
539 1759 742 1818 uterentur.
752 1747 793 1817 Id
812 1760 853 1817 ut
871 1746 1021 1818 honoris
1041 1748 1113 1819 mei
1133 1771 1238 1819 causa
1258 1771 1336 1818 sus·

265 1853 394 1952 cipias,
413 1853 648 1927 vehementer
672 1868 708 1926 te
736 1857 843 1926 etiam
862 1871 971 1954 atque
990 1859 1098 1928 etiam
1117 1881 1219 1952 rogo,
1238 1855 1338 1926 Illud

263 1978 453 2064 praeterea,
472 1969 502 2037 si
525 1991 599 2036 non
619 1966 776 2038 alionum
795 1981 857 2039 tua
877 1968 1051 2064 dignitate
1075 1965 1219 2067 putabis
1240 1992 1338 2056 esse,

264 2072 391 2147 feceris
414 2075 504 2146 mibi
529 2090 756 2174 pergratum,
778 2079 890 2175 siqui
909 2077 1126 2151 difficiliores
1146 2091 1270 2166 erunt,
1294 2092 1338 2149 ut

261 2209 341 2256 rem
360 2186 436 2256 sinc
463 2186 708 2259 controversia
730 2184 861 2257 confici
877 2188 1014 2276 nolint,
1034 2188 1064 2258 si
1082 2212 1162 2275 eos,
1185 2185 1338 2284 quando

265 2299 376 2365 euml
395 2309 560 2366 senatore
578 2319 636 2366 res
656 2308 729 2382 est,
756 2288 910 2366 Romam
933 2296 1109 2390 rejeceris.
1130 2296 1239 2386 Quod
1257 2321 1337 2392 quo

264 2405 408 2476 minore
421 2402 647 2475 dubitatione
657 2400 773 2474 facere
788 2428 924 2501 posses,
935 2403 1056 2477 literas
1069 2403 1114 2477 ad
1125 2420 1162 2478 te
1176 2431 1196 2477 a
1209 2411 1259 2478 Μ.
1270 2410 1340 2477 Le·

262 2512 352 2614 pido
372 2513 542 2600 consule,
568 2535 645 2582 non
671 2537 750 2610 quae
778 2526 814 2583 te
843 2513 979 2612 aliquid
1000 2514 1174 2610 juberent
1193 2519 1338 2614 (neque

258 2625 361 2696 *enim
375 2622 410 2694 id
423 2639 492 2694 tuae
504 2621 685 2718 dignitatis
697 2646 773 2695 esse
784 2622 1085 2720 arbitrabamur),
1097 2625 1158 2696 sed
1174 2624 1338 2722 quodam

263 2735 375 2806 modo
401 2734 505 2831 quasi
527 2731 839 2806 commendatitias
857 2736 1089 2833 sumpsimus.
1116 2735 1338 2824 Scriberem,

301 2967 326 3000 a.
337 2949 386 3000 Eli.
403 2948 536 2998 Nonnullis
546 2949 626 2998 visum
639 2961 674 2999 est
686 2951 776 3000 tectim
820 2954 948 3004 vidimus·
965 2969 973 3004 t
990 2971 1065 3018 quum
1078 2952 1106 3001 iu
1118 2953 1242 3002 veteribus
1254 2969 1339 3003 exean-

262 3031 305 3080 laic
315 3029 387 3078 Elide
399 3028 461 3092 legl,
471 3045 544 3092 qnam
558 3029 600 3077 Eli
606 3065 614 3088 ,
632 3029 695 3078 adeo
708 3033 777 3078 utin
820 3033 929 3097 pluribus
941 3035 976 3082 ibi
989 3034 1062 3082 etiam
1071 3032 1115 3080 Eli
1124 3033 1226 3096 legatur.
1237 3035 1318 3082 vna.

262 3108 425 3179 posteriorum
444 3107 580 3156 editionum
598 3107 725 3158 codicibus
743 3109 776 3158 ita
849 3112 883 3163 3.
898 3114 1077 3178 Disceptotore.
1091 3113 1150 3168 Rei,
1168 3127 1223 3176 quae
1235 3111 1260 3158 in
1275 3106 1341 3162 conss

264 3191 315 3240 sere
328 3187 446 3252 scriptum
457 3187 500 3244 sit,
518 3187 587 3251 qnod
600 3187 685 3249 miror,
700 3205 776 3253 quum
820 3193 961 3240 troverdam
980 3202 1095 3251 vocatur,
1122 3191 1283 3239 moderatore.
1306 3195 1339 3241 In

262 3272 403 3334 frequenter
411 3265 484 3328 huius
494 3267 561 3314 urbis
572 3283 660 3316 nomeu
673 3269 698 3315 in
712 3269 777 3318 obli·
820 3271 996 3319 Partitionibus
1009 3271 1058 3318 lsoc
1072 3271 1174 3319 verbum
1183 3269 1271 3318 Cicero
1281 3271 1339 3335 ipse

262 3350 318 3416 quis
327 3345 422 3398 casibus
436 3362 518 3409 parem
531 3346 679 3412 syllabarum
690 3364 775 3396 nnme-
820 3351 994 3413 interpretatur
1008 3363 1015 3400 ε
1034 3369 1045 3391 ⁸
1056 3349 1109 3397 Ant
1127 3350 1277 3398 auscultator
1299 3362 1340 3399 est

262 3447 317 3480 rum
330 3445 385 3477 cnm
399 3437 468 3475 recto
481 3426 577 3475 habeat.
590 3427 653 3477 Plin.
662 3427 706 3477 lib.
714 3429 775 3476 ΠΙ
821 3428 910 3486 modo,
922 3428 965 3492 qni
977 3427 1060 3486 audit,
1080 3437 1122 3474 aut
1134 3427 1293 3492 disceptator,
1308 3431 1339 3479 id

262 3510 331 3578 (edit.
339 3507 417 3558 llsrd.
428 3518 489 3554 tons.
503 3509 541 3565 11,
554 3521 612 3570 pag.
625 3502 673 3569 7):
690 3531 703 3550 α
714 3507 776 3555 Sunt
820 3516 871 3564 est,
884 3507 918 3553 rei
930 3505 1103 3570 sententiaeque
1115 3505 1283 3555 moder-aton.
1297 3511 1339 3558 Eo

261 3590 305 3654 qui
319 3589 433 3638 semirasus
446 3584 526 3634 ilicem
537 3596 639 3642 vocent,
649 3596 721 3649 atque
733 3584 777 3634 ubi
820 3601 878 3634 usus
901 3595 938 3633 est
957 3585 1070 3644 Asinius,
1090 3585 1161 3646 cujus
1176 3585 1229 3634 brec
1249 3587 1339 3639 multat

260 3685 313 3718 nou
335 3669 442 3718 nascitur
465 3665 534 3729 ilex,
559 3680 606 3729 pro
632 3681 660 3713 ea
687 3664 773 3713 subere
817 3663 922 3727 Quintil.
933 3663 977 3713 lib.
986 3665 1103 3729 Ix,cap.
1116 3663 1162 3713 ult.
1177 3666 1232 3724 usi,
1246 3667 1339 3730 Caesar,

258 3759 374 3808 utuntur,
390 3758 419 3794 nt
431 3747 456 3792 in
473 3744 632 3808 carpentariis
648 3745 772 3808 praecipue
817 3759 849 3789 ex
866 3742 980 3792 omnibus
1000 3742 1159 3802 mortalibus,
1177 3745 1219 3806 qul
1237 3744 1286 3792 sint
1306 3761 1339 3794 ac

259 3827 369 3888 lubricis,
384 3835 412 3873 ut
428 3824 492 3872 circa
507 3823 572 3873 atim
588 3834 613 3871 et
622 3823 774 3870 Lacedmuo·
817 3821 1011 3886 luerint,posset
1025 3821 1084 3870 huic
1098 3837 1177 3870 causae
1187 3821 1339 3886 disceptator

259 3923 349 3955 noma.
363 3903 453 3952 Eadem
471 3904 609 3968 ignorantis
625 3901 724 3964 decepti
739 3901 772 3950 ita
816 3899 879 3964 legi,
896 3912 948 3954 non
963 3903 1091 3965 quisquam
1107 3910 1131 3948 te
1144 3901 1229 3966 potius
1244 3911 1337 3965 optan-

259 3982 418 4033 emeudarnnt
437 3983 503 4030 hune
527 3967 611 4030 locum
633 3981 659 4028 in
681 3983 718 4028 111
741 3979 772 4027 de
817 3979 1117 4030 dusnobisl'uit».Ms1s.
1273 3975 1276 3982 ¹

259 4065 352 4114 Natura
365 4063 604 4111 Deorum:·Venus
615 4053 772 4126 primaCaelo
853 4070 877 4117 4.
894 4059 968 4123 Vulg.
990 4075 1065 4124 quum
1087 4076 1151 4107 cram.
1180 4063 1251 4110 Unus
1275 4061 1339 4122 MS,

261 4153 285 4190 et
304 4141 350 4190 Die
371 4152 440 4200 nuta,
462 4143 531 4202 cujus
552 4141 622 4190 Elide
643 4138 772 4190 delubrum
817 4137 934 4202 quoniam
950 4155 1014 4188 curn.
1029 4140 1054 4188 J.
1064 4141 1097 4188 V.
1111 4143 1139 4188 L.

1013 4405 1019 4434 l
