2882 4920
396 428 822 528 EPISTOLAE,X111,
849 431 903 504 16.
1138 455 1183 527 27

115 564 181 639 tibi
194 587 293 637 eum.
306 559 496 660 Quidquid
509 565 542 635 ei
554 561 860 646 commodaveris,
873 555 943 629 erit
958 553 995 626 id
1010 555 1186 652 majorem

115 681 152 748 iu
165 675 319 747 modum
337 687 490 772 gratum

112 879 1177 919 mmmmm

408 1067 708 1160 EPISTOLA
745 1065 894 1146 XVII.

113 1233 243 1293 Maium
263 1229 384 1291 cuum
405 1231 511 1291 Servio
528 1229 673 1309 Sulpicio,
693 1227 812 1288 Achaia
830 1225 964 1306 presidi,
989 1223 1184 1286 commmdrt.

246 1327 323 1389 vide
335 1326 461 1402 tinvu,
474 1327 559 1407 epist.
574 1345 623 1404 ²9·
638 1325 766 1406 monae,
780 1341 859 1386 enno
872 1327 911 1386 U.
921 1326 958 1384 C.
971 1319 1054 1401 707.)

313 1515 361 1582 Μ.
374 1517 412 1582 Τ.
430 1517 466 1582 C.
483 1515 605 1582 SERV.
617 1513 816 1586 SULPICIO
839 1512 871 1578 S.
889 1513 926 1578 P.
945 1512 985 1578 D.

158 1670 221 1743 Μ’.
248 1675 404 1759 Comus,
423 1675 486 1770 qui
504 1675 637 1745 Patris¹
662 1673 883 1770 negotiatur,
900 1668 1024 1741 multis
1047 1679 1083 1740 ct
1104 1691 1183 1739 ma-

113 1785 192 1881 gnis
203 1779 251 1854 de
264 1785 379 1853 causis
393 1807 413 1854 a
426 1807 485 1854 me
497 1781 670 1880 diligitur.
686 1785 779 1853 Nam
794 1795 831 1853 et
843 1783 1000 1852 amicitia
1014 1793 1185 1877 pervetus

113 1893 202 1964 mihi
216 1916 300 1964 cum
310 1917 354 1966 eo
366 1907 440 1982 est,
454 1907 497 1964 ut
512 1894 672 1991 primum
684 1895 725 1963 in
738 1890 859 1962 lorum
869 1893 990 1978 venit,
1001 1893 1184 1974 instituta,

113 2016 149 2074 et
173 2003 288 2074 Patris
312 2027 426 2100 quum
448 2001 641 2100 aliquoties
663 2016 789 2089 antea,
818 2014 897 2072 tum
923 2004 1089 2098 proxime
1113 1998 1183 2072 hoc

111 2113 314 2184 miserrimo
331 2110 450 2202 bello,
474 2110 604 2184 domus
621 2113 699 2208 ejus
720 2125 797 2182 tota
818 2110 910 2180 mihi
930 2110 1092 2208 patuit²;
1113 2131 1187 2205 qua

111 2223 141 2293 si
161 2245 257 2320 opus
276 2220 402 2294 fuisset
412 2219 440 2308 ³,
467 2236 542 2292 tam
561 2244 676 2294 essem
696 2245 803 2309 usus,
819 2242 930 2316 quam
951 2243 1043 2292 mea.
1070 2221 1185 2290 Maxi·

111 2357 214 2404 mum
224 2346 344 2405 autem
354 2330 443 2402 mihi
453 2330 641 2402 vinculum
655 2354 740 2402 cum
755 2355 799 2402 eo
814 2344 869 2402 cst
883 2329 985 2426 quasi
996 2330 1186 2400 sanctioris

111 2440 299 2538 cujusdam
318 2439 614 2529 necessitudinis,
632 2439 733 2538 quod
745 2453 800 2512 est
818 2443 927 2512 Attici
944 2440 1061 2511 nostri
1079 2436 1183 2509 fami-

110 2550 341 2638 liarissimus,
369 2573 528 2649 eumque
555 2574 673 2621 unum
699 2564 831 2649 praeter
852 2564 992 2622 ceteros
1013 2547 1183 2620 observat

110 2683 152 2732 ac
168 2658 296 2757 diligit.
312 2661 431 2750 Quem
446 2663 475 2730 si
490 2674 530 2731 tu
543 2660 617 2756 jam
628 2657 722 2731 forte
734 2662 916 2757 cognosti,
926 2672 1017 2757 puto
1027 2682 1086 2729 me
1100 2657 1183 2746 hoc,

110 2771 215 2872 quod
230 2771 339 2864 facio,
358 2771 475 2848 facere
494 2777 618 2846 serius.
639 2777 690 2846 Ea
706 2788 763 2846 est
786 2777 884 2847 enim
902 2773 1128 2846 humanitate
1146 2787 1183 2844 et
1291 2762 1296 2772 ’

111 2884 361 2974 observantia,
379 2899 421 2958 ut
439 2910 522 2958 eum
541 2885 609 2958 tibi
622 2885 697 2983 jam
715 2885 977 2984 perseipsum
998 2907 1184 2956 commen-

112 2995 242 3067 datum
261 3009 400 3094 putem.

167 3104 279 3195 Quod
297 3118 419 3176 tamen
437 3107 466 3176 si
489 3107 538 3176 ita
554 3117 628 3193 est,
648 3127 870 3202 magnopere
890 3125 912 3174 a
930 3117 967 3174 te
984 3125 1127 3200 quaeso,
1146 3115 1189 3172 ut

110 3213 159 3286 ad
174 3237 255 3288 cam
269 3213 513 3302 voluntatem,
534 3218 564 3286 si
583 3239 693 3312 quam
712 3217 750 3286 in
773 3213 877 3286 illum
897 3227 980 3288 ante
998 3212 1062 3286 has
1082 3235 1180 3285 meas

111 3323 233 3399 literas
245 3323 451 3412 contulisti,
468 3349 580 3422 quam
594 3327 771 3396 maximus
780 3339 864 3423 post
877 3327 978 3396 mea⁴
997 3347 1184 3396 commen·

151 3553 175 3588 r.
188 3535 282 3588 Panis.
301 3539 364 3602 Qnre
379 3538 439 3588 urbs
457 3549 494 3590 eet
511 3539 539 3588 in
555 3540 628 3590 Pelo·
671 3556 722 3590 non
734 3542 841 3604 veniae,
861 3553 890 3592 nt
902 3542 1012 3608 hospitio
1026 3539 1094 3590 Curii
1108 3551 1188 3590 utere-

112 3633 282 3682 ponneso.·-
295 3617 518 3668 AdenmCurium
532 3631 628 3670 exstant
671 3629 730 3670 tur:
749 3637 895 3686 quamquam
920 3639 934 3670 e
955 3619 1041 3670 Cilicis
1066 3618 1187 3670 decedens

111 3697 185 3761 epist.
197 3697 241 3758 ιθ,
255 3697 302 3754 so.
317 3699 349 3746 31
363 3695 465 3747 ltnvtr.
474 3699 556 3761 Enim
568 3715 629 3763 pre·
671 3701 758 3748 Patras
767 3713 874 3749 voum.
884 3703 932 3749 Ec.

110 3789 203 3824 nonen
214 3774 315 3824 ructus
331 3792 346 3824 ι
363 3793 438 3826 me
453 3778 558 3828 derivat
569 3778 628 3828 art·
709 3786 733 3835 4.
746 3781 808 3828 Post
817 3795 880 3829 mea.
889 3778 1017 3828 mundus
1026 3777 1188 3842 conjiciebat,

113 3866 164 3902 cort
175 3864 259 3920 putat,
268 3865 296 3902 ut
309 3856 397 3904 Lucius
410 3873 424 3905 a
436 3857 498 3906 luce.
513 3860 563 3908 Eo.
671 3879 684 3902 α
692 3860 772 3922 Quam
785 3859 905 3906 mazicum
917 3867 1015 3921 potest,
1032 3873 1103 3916 mea,
1118 3866 1185 3904 etc.-

148 3949 173 3982 a.
186 3933 283 3982 Paruit.
301 3935 441 4000 Hospitium
459 3938 524 3985 enim
538 3937 627 3986 Curius
671 3961 707 3974 -
724 3935 871 3985 Benedictus
894 3935 962 3984 dedit
978 3947 1038 4002 pose
1062 3951 1102 3984 ea.
1123 3934 1188 3984 Mihi

112 4013 227 4062 Geeroni
239 4012 375 4074 obtulerat,
386 4015 407 4062 ei
421 4015 485 4065 sorte
496 4019 579 4066 Petras
588 4031 628 4065 ve·
670 4015 992 4080 Manutiiratiopotiorvin
1004 4026 1053 4064 eet:
1062 4013 1110 4062 elai
1119 4013 1187 4078 qnod

112 4091 187 4142 niret.
199 4093 247 4141 Eo.
671 4095 857 4155 conjunctivum
864 4095 939 4144 malui
945 4093 1189 4159 :utquammaxinu

148 4170 209 4222 &Si
216 4169 378 4238 opussur'ssee.
388 4171 514 4238 Significat
522 4173 570 4224 ribi
581 4191 628 4223 usu
670 4174 1017 4239 possit-..cunulmmdat
1028 4193 1052 4224 ι.
1062 4175 1120 4223 sm.
