2882 4920
266 426 306 472 ra
583 405 632 473 Μ.
657 406 696 474 Τ.
725 401 1001 474 CICERONIS

256 545 367 622 opere
387 523 467 619 ejus
486 525 676 624 municipii
701 548 808 598 causa
832 521 1054 614 laborarem,
1079 521 1147 595 tibi
1168 522 1322 596 ostendi.

255 635 339 703 Post
352 646 450 704 tuam
464 647 585 706 autem
602 631 882 732 profectionem,
900 657 1017 731 quum
1036 647 1074 705 et
1090 635 1246 706 maxima
1265 657 1325 706 res

254 743 442 840 municipii
451 741 694 815 honestissimi
704 743 868 842 mihique
877 742 1174 838 conjunctissimi,
1187 758 1223 814 et
1231 766 1326 813 sum·

255 876 359 924 mum
376 877 500 926 meum
518 851 677 925 officium
695 868 874 952 ageretur,
891 876 959 951 pro
980 867 1046 924 tuo
1065 855 1186 924 animo
1204 855 1242 922 in
1264 876 1325 924 me

254 962 441 1059 singulari,
466 963 682 1053 existimavi,
700 987 759 1036 me
789 975 960 1063 oportere
992 962 1037 1034 ad
1059 976 1095 1034 te
1123 964 1326 1034 accuratius

251 1070 409 1146 scribere
427 1101 436 1144 ε
459 1075 525 1145 etsi
545 1097 620 1146 non
641 1098 723 1146 sum
744 1075 911 1161 nescius,
934 1086 972 1144 et
998 1097 1080 1172 quae
1107 1086 1324 1169 temporum

250 1184 356 1272 ratio,
368 1196 406 1254 et
418 1207 497 1281 quae
513 1197 576 1254 tua
590 1198 747 1281 potestas
760 1185 822 1272 sit,
838 1184 979 1284 tibique
992 1185 1181 1280 negotium
1197 1179 1324 1253 datum

251 1315 368 1364 essen
389 1294 428 1362 C.
445 1294 600 1382 Caesare,
622 1317 697 1364 non
713 1292 892 1390 judicium
903 1292 931 1384 ³,
952 1293 1122 1392 praeclare
1148 1291 1324 1390 intelligo.

204 1423 214 1442 ’
252 1402 374 1491 Quare
389 1425 411 1472 a
426 1415 463 1475 te
482 1415 623 1474 tantum
641 1417 739 1502 peto,
758 1418 937 1501 quantum
953 1418 990 1476 et
1006 1417 1042 1475 te
1064 1399 1181 1474 facere
1200 1424 1323 1500 posse,

251 1523 290 1581 et
305 1508 461 1582 libenter
477 1517 581 1584 meal
594 1536 707 1586 causa
724 1511 903 1586 facturum
921 1537 998 1587 esse
1016 1510 1183 1585 arbitror.

302 1623 347 1692 Et
360 1623 517 1720 primum
531 1623 636 1694 velim
651 1624 848 1712 existimes,
858 1623 960 1721 quod
974 1646 1032 1694 res
1044 1635 1115 1706 est,
1129 1619 1324 1720 municipii

250 1725 417 1804 fortunas
430 1757 561 1806 omnes
575 1733 614 1806 in
629 1734 699 1805 isto
713 1733 876 1830 vectigali
893 1733 1108 1818 consistere3
1127 1730 1183 1802 his
1201 1743 1324 1802 autem

252 1841 479 1941 temporibus
492 1839 564 1915 boc
581 1844 819 1944 municipium
838 1844 1002 1915 maximis
1022 1839 1197 1914 oneribus
1218 1864 1322 1938 pres·

251 1975 354 2042 sum,
375 1945 524 2025 summis
546 1952 719 2048 allectum
737 1977 815 2027 esse
841 1949 1126 2026 difficultatibus.
1150 1955 1228 2024 Hoc
1255 1951 1322 2022 etsi

157 2079 163 2092 ⁸
252 2083 448 2132 commune
459 2061 690 2136 videturesse
705 2087 789 2136 cum
799 2063 941 2153 multis,
960 2077 1081 2135 tamen
1095 2059 1325 2148 mihicrede,

251 2170 449 2268 singulares
467 2172 553 2244 huic
571 2175 770 2271 municipio
789 2173 1008 2254 calamitates
1027 2169 1206 2243 accidisse.
1225 2173 1325 2262 Quas

249 2278 385 2352 idcirco
404 2306 481 2352 non
499 2306 762 2370 commemoro,
781 2307 828 2353 ne
844 2281 891 2352 de
907 2282 1059 2354 miseriis
1075 2304 1242 2352 meorum
1257 2304 1324 2351 ne-

250 2392 489 2461 cessariorum
508 2414 735 2488 conquerens
754 2388 1061 2490 homines⁵,quos
1078 2391 1183 2478 nolo,
1201 2389 1326 2461 videar

251 2494 448 2572 offendere.
467 2501 606 2599 Itaque,
621 2503 690 2572 nisi
703 2524 870 2600 magnam
883 2524 986 2600 spem
999 2499 1183 2588 haberem,
1196 2504 1236 2571 C.
1247 2504 1324 2572 Cae·

251 2609 321 2681 sari
330 2633 398 2680 nos
410 2633 553 2682 causam
565 2609 752 2709 municipii
763 2607 1003 2709 probaturos,
1024 2633 1100 2680 non
1116 2623 1324 2698 cratonum,

250 2742 353 2792 cura
371 2734 407 2792 te
428 2720 499 2792 hoc
516 2735 681 2820 tempore
697 2719 834 2826 aliquid
852 2719 1124 2793 contenderem.
1146 2719 1215 2792 Sed
1236 2719 1329 2817 quia

251 2825 418 2915 conlido,
440 2828 604 2928 mihique
622 2833 803 2929 persuasi,
824 2830 927 2902 illum
946 2845 984 2902 et
1000 2829 1184 2928 dignitatis
1200 2833 1324 2900 muni·

153 2997 159 3014 .
250 2938 352 3037 cipii,
364 2953 402 3010 et
412 2941 603 3036 aequitatis,
621 2941 728 3012 etiam
741 2940 938 3013 voluntatis
956 2963 1041 3038 erga
1055 2963 1093 3010 se
1107 2936 1322 3010 habiturum

252 3069 328 3119 esse
342 3049 521 3120 rationem
537 3075 545 3119 ε
563 3047 644 3122 ideo
657 3074 677 3120 a
695 3064 731 3122 te
747 3075 825 3121 nou
839 3047 1004 3121 dubitavi
1018 3047 1259 3138 contendere,
1275 3063 1318 3120 ut

250 3154 345 3228 hanc
363 3181 505 3230 causam
521 3159 572 3230 illi
590 3161 768 3258 integram
787 3184 1030 3233 conservares.

300 3265 411 3356 Quod
427 3269 494 3341 etsi
514 3268 750 3341 nihilominus
767 3295 787 3340 a
806 3284 842 3342 te
857 3284 1041 3368 peterem,
1061 3271 1091 3340 si
1110 3267 1201 3340 nihil
1223 3266 1325 3341 audi·

254 3376 386 3448 visseru
407 3391 443 3448 te
466 3377 536 3450 tale
560 3376 705 3469 fecisse,
737 3393 859 3452 tamen
885 3379 1059 3476 majorem
1086 3403 1188 3478 spem
1212 3381 1328 3479 impe·

252 3487 372 3559 trandi
390 3503 516 3560 nactus
533 3512 632 3577 sum,
645 3505 884 3588 posteaquam
900 3489 992 3563 mihi
1009 3490 1148 3563 dictum
1162 3504 1238 3578 est,
1252 3490 1326 3563 boc

252 3595 348 3669 idem
378 3623 399 3670 a
422 3612 458 3671 te
477 3601 670 3698 Regieuses
690 3604 947 3700 impetravisse.
974 3603 1047 3692 Qui
1067 3603 1134 3674 etsi
1151 3616 1185 3673 te
1201 3603 1326 3700 aliqua

253 3709 518 3782 necessitudine
529 3712 726 3810 attingunt,
741 3727 862 3788 tamen
874 3728 960 3786 tuus
978 3737 1081 3784 amor
1098 3717 1136 3784 in
1149 3736 1228 3800 me,
1241 3737 1324 3812 spe·

252 3877 361 3927 Cruuu.
377 3904 414 3916 ·-
430 3881 509 3928 Atella
523 3882 685 3948 municipium
696 3884 764 3932 inter
811 3895 876 3934 uota
890 3883 917 3932 in
931 3879 1325 3947 1u1.Antiq.ctuv.p.260.1tn.

252 3957 359 4021 capuam
377 3967 401 4004 et
417 3957 559 4024 Neapolim,
577 3961 647 4022 cujus
667 3962 766 4026 vestigia
847 3965 872 4012 3.
886 3964 944 4012 Non
951 3961 1081 4029 judicium.
1089 3962 1149 4012 Non
1157 3961 1295 4010 arbitrium.

254 4037 365 4086 historici
379 4037 482 4086 eredunt
494 4056 546 4088 esse
562 4043 587 4090 S.
603 4041 711 4106 Elpidio.
722 4043 765 4089 Vi·
849 4052 874 4100 a.
889 4043 926 4092 Al.
939 4042 1015 4101 MSS,
1034 4040 1089 4089 mei.
1104 4042 1121 4088 J
1124 4044 1167 4090 .V.
1176 4042 1203 4089 1.

255 4115 342 4166 dandae
364 4115 410 4166 bec
423 4117 454 4168 de
473 4121 612 4188 conjectura
636 4121 756 4171 llolsteuli
849 4125 872 4171 5.
882 4122 1003 4172 Homines.
1014 4119 1270 4171 Secundanonun.
