2882 4920
381 373 880 466 urrsrocn‚xrrr,19.
1019 395 1021 400 ·
1120 377 1162 450 31
1262 393 1266 402 ’

102 501 307 574 hementius
327 521 347 570 a
371 513 407 572 te
427 496 702 585 contendimus,
724 509 766 568 ut
792 499 973 593 Lysonem
995 497 1034 570 in
1056 499 1167 574 fidem
1264 529 1276 550 ¹

102 607 476 703 necessitudinemque
501 621 602 710 trum
626 607 803 704 recipias:
825 607 930 702 cujus
957 607 1069 682 dubia
1090 609 1166 684 lor·

100 736 206 808 tuna,
228 718 391 790 timidius
416 733 538 790 tecum
561 715 776 816 agebamus,
801 731 985 804 verentes,
1008 724 1167 820 nequid

100 829 276 901 accideret
297 827 496 924 ejusmodi,
514 840 619 900 utne
636 842 677 899 tn
698 827 852 940 quidem
866 826 1005 899 mederi
1022 855 1165 928 posses3

101 939 282 1038 explorata
306 963 393 1010 vero
415 935 494 1033 ejus
508 936 777 1025 incolumitate,
799 938 922 1008 omnia
938 958 960 1008 a
976 933 1034 1009 tc⁶
1048 941 1167 1014 studia

100 1073 239 1120 summa
255 1073 341 1120 cura
355 1060 451 1148 peto.
471 1049 562 1137 Quae
579 1072 626 1119 ne
642 1046 784 1144 singula
801 1071 1033 1138 enumerem,
1053 1065 1167 1123 totam

99 1159 162 1231 tibi
184 1159 338 1231 domum
358 1156 602 1232 commendo:
622 1159 660 1228 in
682 1155 739 1228 his
760 1153 1028 1229 adolescentem
1051 1157 1166 1231 lilium

101 1271 199 1366 ejus,
232 1293 344 1368 quem
369 1271 409 1338 C.
433 1271 628 1338 Memmius
656 1266 876 1354 Gemellusl,
903 1266 1014 1340 cliens
1041 1294 1168 1358 meus,

102 1405 213 1478 quum
230 1385 269 1452 in
290 1378 491 1451 calamitate
510 1377 625 1449 exsilii
644 1377 701 1448 sui
717 1379 898 1449 Patrensis
920 1373 1030 1449 civis⁸
1052 1378 1168 1457 factus

101 1504 209 1576 esset,
233 1491 459 1561 Patrensium
481 1487 623 1585 legibus
647 1485 850 1585 adoptavit3
883 1501 925 1558 ut
954 1489 1031 1585 ejus
1055 1495 1169 1590 ipsius

101 1595 337 1670 hereditatis
322 1622 382 1693 Jus
399 1621 617 1694 causamque
633 1611 769 1668 tueare.

144 1705 366 1832 Caputillud
385 1721 452 1796 est,
461 1719 504 1776 ut
518 1711 830 1833 Lysonem,quem
845 1730 919 1831 ego
935 1709 1057 1779 virum
1071 1715 1167 1811 opti·
1242 1709 1245 1716 '

100 1842 199 1888 mum
214 1815 529 1916 gratissimumque
551 1819 724 1916 cognovi,
742 1816 893 1914 recipias
911 1818 948 1887 in
968 1823 1166 1912 necessitu-

99 1927 221 2001 dinem
238 1943 349 1998 tuam.
365 1928 520 2018 Quod
492 1953 521 1999 sr
540 1923 688 2014 feceris,
706 1949 782 1996 non
796 1923 942 2013 dubito,
960 1929 1049 2023 quin
1069 1931 1108 2000 in
1124 1957 1168 2003 eo

99 2036 301 2135 diligendo,
328 2037 546 2134 ceterisque
556 2050 684 2134 postea
712 2033 1021 2124 commendando,
1053 2036 1168 2128 idem,

99 2148 199 2246 quod
220 2173 308 2248 ego,
334 2149 382 2218 sis
403 2145 530 2244 judicii
556 2160 592 2218 et
617 2145 813 2216 voluntatis
834 2143 1035 2218 habiturus.
1058 2149 1169 2240 Quod

99 2283 215 2357 quum
233 2257 312 2330 fieri
333 2255 570 2330 vehementer
590 2254 742 2342 studeo,
762 2269 841 2326 tum
866 2255 974 2326 etiam
998 2257 1089 2329 illud
1106 2284 1168 2331 ve-

98 2393 194 2456 reor,
212 2379 278 2457 ne,
302 2371 333 2438 si
355 2372 475 2438 minus
492 2366 675 2437 cumulate
692 2361 865 2436 videbere
883 2361 1008 2436 fecisse
1032 2365 1170 2465 aliquid

98 2480 176 2574 ejus
194 2501 323 2566 causa,
340 2503 400 2550 me
413 2477 473 2549 ille
494 2477 719 2575 negligenter
737 2475 920 2572 scripsisse
939 2489 1063 2573 putet,
1091 2505 1169 2551 non

98 2603 132 2662 te
151 2587 310 2661 oblitum
328 2589 409 2660 mei.
433 2587 569 2677 Quanti
589 2590 712 2658 enim⁹
738 2607 797 2654 me
820 2580 977 2671 faceres,
991 2610 1108 2684 quum
1124 2614 1169 2662 ex

96 2696 327 2770 sermonibus
345 2697 564 2798 quotidianis
582 2701 693 2784 meis,
710 2711 789 2768 tum
812 2719 857 2766 ex
871 2695 1034 2794 epistolis
1060 2704 1168 2772 etiam

97 2811 169 2881 tuis
190 2809 312 2907 potuit
334 2832 563 2905 cognoscere.

793 2931 799 2956 l

97 2983 144 3044 ris,
172 2981 201 3030 in
225 2981 296 3031 obitu
320 2980 378 3031 tiliae
404 2982 526 3032 consolati
548 2992 613 3030 sons.
659 2989 751 3044 gnatos·
770 2979 898 3028 Ciceronis
918 2979 1035 3044 epistota.
1059 2983 1122 3032 Nssu
1144 2995 1170 3036 ct

97 3063 170 3110 Mu,
657 3075 799 3124 praenomen
811 3059 877 3106 idem
887 3061 1171 3118 est,etexsulsvituter·

131 3141 158 3188 6.
180 3137 270 3187 Omnia
283 3154 300 3186 a
318 3149 341 3188 te
358 3138 450 3188 stridis.
471 3139 511 3187 Sic
528 3137 611 3203 vulgo.
658 3153 715 3201 qne.
734 3140 807 3186 Man,
819 3164 853 3173 —
866 3137 915 3186 Sed
929 3137 964 3186 ibi
977 3141 1106 3191 Memmius
1118 3161 1168 3192 non

97 3217 145 3267 Sed
167 3217 210 3265 alii
233 3217 311 3265 aliter.
333 3217 388 3266 Sela.
410 3233 443 3265 ex
464 3217 566 3267 blentel.
588 3227 613 3265 et
656 3227 759 3265 vocatur
768 3216 905 3276 Gemellus,
920 3229 1025 3268 atcerte
1039 3223 1169 3288 hocargu-

97 3300 179 3346 ὕην.
189 3313 224 3344 ιι
237 3305 261 3364 tp
274 3312 369 3344 summo
378 3295 462 3345 studio
472 3312 613 3361 summeque
657 3307 740 3345 mento
749 3295 811 3344 nibil
819 3294 1020 3358 efficietur‚bnnc
1025 3301 1169 3350 Memmium

97 3393 155 3426 curs
173 3386 262 3442 peto».
279 3375 431 3440 Optimeest
444 3375 500 3432 illa,
518 3375 613 3440 inquit,
657 3376 794 3424 Gemellusn
817 3393 869 3424 csse
894 3377 1021 3438 eumdem,
1044 3381 1076 3427 sd
1096 3395 1169 3446 quem

24 3469 25 3480 ¹
96 3457 273 3519 lectio,qnsm
285 3455 431 3504 Benedictus
444 3471 544 3520 quoqne
555 3472 614 3520 pro·
657 3456 730 3520 epist.
743 3471 753 3503 r
765 3455 837 3516 hujus
855 3455 912 3504 libri
932 3458 1022 3522 scripta
1042 3469 1085 3507 est.
1100 3461 1170 3510 Idem

97 3535 165 3586 berit
173 3551 181 3584 ι
190 3551 288 3584 summa
298 3551 359 3584 cura
367 3535 614 3600 quomodossnmmc
658 3533 722 3582 vidit
732 3533 889 3583 Benedictus.
900 3535 1059 3598 Sum—Alii,
1071 3537 1098 3588 0.
1110 3543 1171 3590 Ma.

24 3629 25 3680 ζ
96 3617 179 3666 studio
189 3615 302 3674 differet,
320 3611 465 3679 intelligitur
473 3615 615 3679 exbisquse
658 3613 723 3663 rrius.

24 3695 25 3700 ’
97 3693 421 3760 sequuntumquodqnnm
429 3692 615 3743 fierirelaemen-
695 3693 1053 3745 &commonemini
1070 3714 1170 3749 romena

98 3785 134 3823 ter
143 3774 302 3832 studemus!
310 3774 383 3822 etim
391 3772 452 3822 illud
459 3775 613 3824 verechb.
658 3772 763 3822 citime.
775 3772 839 3820 llam
849 3771 951 3820 ἁυιΝιι
965 3774 1091 3826 civitatum
1108 3779 1170 3828 civis

133 3872 158 3916 7.
179 3855 209 3904 0.
230 3852 358 3902 remmus
380 3851 511 3904 Gemellus.
530 3855 614 3904 Potest
657 3865 710 3902 cess
721 3869 794 3902 nemo
806 3862 913 3916 poteret·
924 3853 999 3902 Mse.

97 3931 341 3995 mouentes,
357 3929 391 3982 ed
406 3931 613 3998 qnemsuprsle-
693 3929 898 3996 aelium.
913 3934 1013 3983 JNAE.
