2882 4920
155 380 158 392 '
262 393 308 475 te
575 391 623 458 Μ.
648 391 687 456 Τ.
715 391 1007 460 crouuottrs

163 489 169 504 ⁸
260 514 352 583 simo
372 509 528 605 benigue
552 505 688 580 fecisse.
712 508 807 581 Volo
830 509 945 594 enirn,
968 507 1015 579 ad
1035 507 1090 596 id,
1117 509 1217 606 quod
1246 536 1327 584 mea

261 644 368 693 causa
383 616 516 706 fecisti,
539 618 610 689 hoc
627 619 735 689 etiam
753 613 959 690 accedere⁶.

311 733 405 804 ⁷Nec
414 727 705 800 Lacedaemonios
716 727 882 800 dubitare
895 727 1062 816 arbitror,
1074 731 1165 824 quin
1179 728 1247 824 ipsi
1260 753 1326 800 sua

259 838 512 936 majorumque
523 861 672 908 suorum
681 839 892 910 auctoritate
905 839 989 910 satis
996 836 1241 909 commendati
1253 840 1326 911 sint

258 946 343 1019 fidei
360 963 397 1020 et
408 948 553 1043 justitiae
571 961 658 1036 tuae3
677 963 714 1018 et
731 973 816 1046 ego,
833 949 899 1046 qui
916 962 954 1019 te
972 951 1109 1047 optime
1126 949 1326 1038 novissem,

258 1083 334 1131 non
350 1058 521 1145 dubitavi,
534 1060 625 1154 quin
639 1057 706 1129 tibi
722 1061 911 1133 notissima
921 1074 958 1131 et
969 1060 1051 1155 jura
1068 1072 1104 1130 et
1123 1063 1250 1130 merita
1262 1083 1326 1156 po·

258 1170 430 1268 pulorum
451 1183 579 1240 essent.
596 1173 723 1267 Itaque
743 1194 857 1267 quum
874 1195 895 1241 a
910 1190 970 1241 me
983 1183 1124 1267 peteret
1137 1168 1326 1267 Philippus

256 1277 565 1368 Lacedaemonius,
589 1295 630 1350 ut
646 1280 713 1352 tibi
731 1283 911 1352 civitatem
927 1279 1241 1352 commendarem:
1257 1282 1326 1352 etsi

257 1391 509 1477 memineram,
524 1413 583 1462 me
599 1392 632 1461 ei
650 1391 783 1462 civitati
801 1393 924 1463 omnia
941 1385 1112 1479 debere⁸;
1130 1405 1251 1462 tamen
1266 1416 1326 1463 re·

257 1497 409 1598 spondi,
429 1501 744 1574 commendatione
762 1502 1053 1574 Lacedaemonios
1072 1502 1168 1601 apud
1191 1517 1228 1573 te
1249 1527 1324 1572 non

258 1634 373 1708 egere.
397 1613 524 1708 ltaque
542 1613 593 1682 sic
609 1611 716 1682 velim
738 1614 934 1697 existimes,
954 1637 1014 1684 me
1036 1637 1164 1684 omnes
1185 1611 1326 1684 Achaiae

256 1720 415 1792 civitates
430 1718 594 1792 arbitrari
603 1745 671 1819 pro
683 1721 816 1792 horum
832 1737 1040 1820 temporum
1051 1721 1327 1820 perturbatione

257 1828 397 1919 felices,
418 1831 518 1929 quod
533 1831 589 1903 his
607 1847 647 1903 tu
662 1836 803 1931 praesis3
828 1834 1070 1929 eumdemque
1086 1858 1145 1904 me
1163 1835 1211 1903 ita
1227 1831 1327 1926 judi·

257 1963 357 2030 care,
370 1955 424 2032 te,
440 1941 541 2040 quod
553 1967 649 2014 unus
662 1944 801 2042 optime
818 1967 955 2030 nosses,
968 1967 1043 2013 non
1057 1956 1179 2013 nostra
1191 1940 1327 2027 solum,

257 2055 318 2128 sed
333 2055 442 2127 etiam
459 2059 604 2127 Graeciae
617 2071 855 2127 monumenta
871 2057 1005 2143 omnia,
1019 2069 1080 2124 tua
1094 2066 1224 2151 sponte
1241 2049 1336 2120 ami·'

256 2191 342 2238 cum
354 2164 635 2237 Lacedaemoniis
653 2182 691 2237 et
707 2191 804 2254 esse,
824 2179 861 2236 et
881 2163 970 2238 foret
1004 2167 1125 2254 Quare
1145 2177 1287 2234 tantum
1304 2185 1327 2231 a

255 2291 292 2348 te
311 2289 418 2374 peto,
445 2289 502 2360 ut,
521 2300 636 2372 quum
653 2299 695 2346 ea
714 2274 821 2347 facies
832 2275 1184 2348 Lacedaemoniorum
1200 2297 1326 2360 causa,

257 2411 340 2485 quae
357 2400 420 2458 tua
435 2384 546 2474 fides,
560 2385 777 2483 amplitudo,
792 2388 929 2480 justitia
942 2385 1121 2484 postulat,
1141 2398 1182 2454 ut
1198 2382 1275 2469 his,
1295 2383 1327 2452 si

256 2495 323 2568 tibi
341 2494 534 2584 videbitur,
551 2494 746 2593 significes,
763 2509 797 2568 te
816 2523 892 2568 non
910 2498 1060 2568 moleste
1082 2494 1200 2582 ferre,
1223 2491 1328 2590 quod

256 2605 454 2703 intelligas,
482 2629 523 2677 ea
555 2630 637 2701 quae
670 2604 796 2697 facias,
818 2607 909 2678 mihi
935 2633 1085 2705 quoque
1112 2619 1212 2704 grata
1235 2627 1326 2674 esse.

256 2717 417 2786 Pertinet
434 2714 530 2786 enim
551 2712 596 2786 ad
611 2713 772 2788 officium
789 2743 933 2801 meum,
951 2743 1012 2790 eos
1026 2719 1245 2800 existimare,
1259 2737 1326 2785 cu-

256 2849 306 2894 rae
320 2822 410 2893 mihi
423 2847 506 2895 suas
517 2848 575 2896 res
594 2850 680 2896 esse.
700 2831 777 2899 Hoc
790 2842 825 2899 te
843 2827 1076 2900 vehementer
1091 2827 1197 2898 etiam
1214 2839 1327 2922 atque

260 2935 367 3006 etiam
383 2957 485 3032 rogo,
679 2943 680 2946 ’

257 3111 360 3162 fenden.
369 3111 449 3161 Plaut.
464 3112 491 3160 in
504 3111 592 3160 Pseud.
612 3113 768 3162 uTibicinam
850 3133 876 3176 ς.
886 3115 963 3164 Norae
980 3115 1021 3162 hic
1034 3113 1145 3179 epistolae
1162 3113 1262 3161 initium
1274 3130 1329 3164 oeae

256 3193 336 3252 illam,
347 3201 403 3240 tuus
415 3208 488 3257 quem
501 3203 587 3256 gnatus
599 3193 706 3256 deperit,
716 3211 768 3242 eam
809 3195 953 3258 jamdudum
973 3196 1068 3260 putavit
1085 3193 1222 3242 Manutius.
1236 3191 1330 3241 Schiitz

256 3270 436 3321 circumdatam
450 3271 559 3335 lapiden.
572 3273 645 3320 Mart.
660 3303 693 3312 —
704 3274 767 3333 alti,
813 3275 836 3322 ei
853 3273 1004 3337 obsequutus
1024 3285 1074 3333 est,
1092 3284 1115 3320 et
1133 3272 1197 3320 hano
1211 3289 1224 3320 ι
1238 3289 1330 3336 praece

256 3351 284 3400 td
294 3352 319 3399 in
333 3367 425 3415 meque.
436 3352 461 3400 J.
468 3354 498 3398 V.
513 3355 539 3400 L.
812 3352 886 3401 dente
900 3353 1028 3417 separavit.
1039 3355 1101 3402 Π.
1111 3355 1141 3401 L.

293 3431 317 3480 6.
328 3431 388 3478 Volo
398 3429 565 3481 loe...ett'am
576 3427 768 3479 accedere.Volo
850 3433 874 3481 Β.
894 3433 997 3481 Debere.
1019 3431 1099 3481 scilic.
1117 3430 1212 3498 officim
1230 3431 1330 3494 Nempe

255 3508 334 3568 enim,
345 3520 373 3557 nt
381 3509 502 3573 intelligas
516 3519 539 3556 te
550 3509 594 3566 iis,
613 3525 668 3572 quae
677 3510 767 3557 Mesci-
811 3523 914 3576 propter
930 3512 982 3572 ejus
999 3512 1168 3576 antiquitatem
1187 3522 1211 3558 et
1229 3509 1330 3557 clarita·

256 3589 298 3636 nio
308 3588 478 3651 commodasti,
487 3604 538 3635 non
550 3587 610 3636 mihi
621 3588 700 3636 tolum
714 3604 768 3652 gra·
812 3601 939 3654 tem,quae
953 3591 1018 3656 apud
1034 3591 1142 3639 eruditos
1155 3589 1269 3638 homines
1282 3604 1327 3636 eo-

256 3667 375 3714 tissimum
383 3668 476 3728 fecisse,
486 3667 633 3733 sedexipeo
644 3667 766 3716 Mescinio
809 3667 845 3717 let
867 3670 954 3721 valere.
980 3672 1044 3717 lliuo
1068 3669 1130 3716 inlra
1150 3679 1330 3716 commemorat

256 3746 328 3794 etiam
338 3745 400 3792 bane
409 3747 558 3812 voluptatem
568 3758 696 3812 capturum
706 3763 765 3806 ease,
810 3760 967 3798 monumenta
981 3750 1092 3799 Graeciae.
1104 3751 1210 3796 Earn-
1217 3749 1329 3794 Fortasse

257 3835 285 3872 ut
297 3824 386 3872 seutiae
399 3823 492 3878 homiui
506 3837 530 3874 te
546 3827 680 3892 gratissimo
694 3828 767 3888 etju-
811 3837 889 3875 tamen
910 3825 1132 3877 Lacedaemoniae
1154 3829 1180 3874 in
1199 3825 1329 3876 Ciceronis

256 3903 407 3956 mndiutmo
420 3903 523 3970 benigne
532 3906 623 3954 fecisse.
632 3907 677 3953 Eo.
810 3905 945 3956 clientelam
959 3907 1086 3958 dederant.
1101 3907 1146 3955 En.

653 4071 940 4100 ωψ-
