2882 4920
380 391 877 507 ea1srona:‚x'111‚25.
1113 419 1157 516 37

95 613 1162 642 mmmmmmfflfflffl

410 803 698 886 narsrona
724 805 859 890 xxv.
946 907 950 914 ,
1052 777 1055 784 ’

98 976 304 1052 Hegeseretum
324 968 468 1041 breviter,
490 968 541 1028 scd
556 983 707 1043 accurate,
723 969 915 1034 commendat
939 974 1066 1044 (Romae,
1087 991 1162 1032 anno

538 1069 576 1127 U·
590 1069 623 1130 C·
639 1064 720 1145 ror)

436 1236 592 1304 CICERO
616 1234 773 1304 SERVIO
800 1238 832 1303 S.

144 1385 403 1450 Hacasanarns
423 1379 625 1468 larisseus,
644 1378 783 1476 magnis
802 1379 891 1451 meis
908 1377 1096 1452 beneficiis
1111 1407 1168 1452 or·

99 1505 203 1562 natus
217 1491 256 1559 in
270 1487 461 1560 consulatu
474 1512 573 1574 meo,
589 1512 730 1560 memor
745 1503 781 1562 et
794 1503 917 1586 gratus
931 1487 1018 1579 fuit,
1035 1516 1166 1589 meque
1266 1555 1272 1568 .

98 1597 506 1700 posteadiligentissime
516 1599 637 1670 coluit.
655 1601 747 1670 Eum
763 1597 829 1670 tibi
842 1623 1061 1700 magnopere
1070 1626 1168 1673 com·

100 1709 247 1797 mendo,
259 1724 301 1779 ut
314 1723 351 1779 et
362 1708 543 1807 hospitem
554 1733 676 1782 meum
689 1722 726 1780 et
739 1706 962 1796 familiarem,
976 1724 1012 1782 et
1026 1724 1168 1808 gratum

99 1821 286 1900 hominem
295 1873 305 1906 ‚
315 1834 351 1890 et
362 1821 480 1892 virum
489 1816 643 1904 bonum,
654 1833 690 1890 et
701 1819 903 1918 principem
918 1820 1069 1893 civitatis
1083 1845 1167 1910 suae,

99 1931 135 2006 e't
146 1947 212 2006 tua
229 1928 492 2001 necessitudine
510 1927 773 2028 dignissimum.
791 1933 1001 2026 Pergratum
1016 1928 1136 2001 mihif
1155 1972 1170 1988 -

101 2043 210 2130 ceris,
228 2041 259 2112 si
276 2039 416 2111 dederis
432 2063 599 2138 operam,
622 2054 664 2110 ut
681 2042 712 2109 is
730 2038 924 2135 intelligat,
943 2039 1038 2111 hanc
1051 2065 1169 2112 meam

101 2147 454 2223 commendationem
473 2171 645 2246 magnum
662 2144 760 2246 apud
777 2162 812 2219 te
825 2147 974 2245 pondus
987 2148 1168 2223 habuisse.
1213 2209 1217 2216 .

514 2355 1158 2382 mmmmm

383 2563 684 2646 EPISTOLA
719 2567 882 2648 XXVI.

101 2736 235 2797 Mescinii
249 2735 314 2794 nuti
325 2733 451 2798 Achaica
467 2732 583 2810 negotia
596 2731 790 2793 commendat.
801 2735 930 2813 (noma,
941 2755 987 2796 an.
997 2738 1033 2796 U.
1045 2743 1077 2801 C.
1090 2739 1168 2818 707.)

437 2897 595 2963 CICERO
617 2897 772 2964 SERVIO
795 2901 828 2965 S.

150 3039 192 3106 L.
210 3038 408 3106 Mescinius
430 3057 472 3104 ea
494 3056 639 3107 mecum
664 3033 932 3110 necessitudine
951 3040 1171 3136 conjunctus

17 3137 18 3162 ³
103 3160 174 3234 est,
193 3143 294 3242 quod
309 3143 396 3213 mihi
412 3157 571 3240 quaestor
584 3141 662 3215 fuit.
680 3145 749 3215 Sed
765 3145 859 3218 hanc
877 3172 1042 3236 causam,
1060 3178 1170 3250 quam

17 3315 18 3330 ἶ
103 3279 190 3352 ego,
215 3267 257 3324 ut
283 3277 303 3323 a
328 3252 526 3347 majoribus
549 3255 690 3353 accepi,
720 3279 863 3354 semper
887 3283 1033 3356 gravem
1063 3261 1170 3352 duxi,

17 3345 19 3458 l
103 3363 189 3437 lecit
202 3365 336 3434 virtute
351 3377 387 3434 et
401 3361 624 3434 humanitate
635 3387 698 3434 sua
711 3365 913 3460 justiorem.
927 3372 1053 3465 ltaque
1064 3395 1108 3441 eo
1121 3373 1171 3443 sic

103 3489 201 3562 utor,
214 3489 257 3545 ut
275 3469 570 3545 nec'familiarius
589 3474 683 3560 ullo,
703 3499 771 3546 nec
785 3475 967 3550 libentius.
988 3484 1023 3550 ls
1041 3504 1170 3576 quam-

17 3483 21 3746 >
104 3609 214 3683 quam
234 3582 418 3656 confidere
435 3581 636 3671 videbatur,
655 3598 691 3656 te
710 3607 774 3655 sua
787 3611 905 3673 causa,
920 3613 1001 3684 quae
1019 3587 1172 3664 honeste

103 3720 248 3793 posses,
270 3691 427 3765 libenter
444 3717 522 3766 esse
540 3691 740 3780 facturum,
759 3719 932 3792 magnum
955 3719 1032 3767 esse
1050 3709 1173 3772 tamen

106 3805 262 3904 speravit
281 3803 378 3902 apud
397 3817 433 3874 te
459 3826 557 3874 meas
580 3827 729 3900 quoque
755 3803 875 3874 literas
897 3803 1042 3902 pondus
1069 3807 1175 3881 habi-

17 3903 18 3970 Ῠ
105 3925 237 3987 tinas&
259 3913 302 3984 ld
322 3937 437 4010 quum
454 3913 530 4011 ipse
544 3911 594 3983 ita
614 3910 817 4008 judicabat,
830 3926 908 3983 tum
925 3938 994 4013 pro
1010 3913 1175 3991 familiari

17 3787 20 3834 l

17 4051 21 4290 ἱ
143 4120 327 4178 1.Abannteb
341 4119 442 4186 optimis
453 4119 528 4171 codd.
539 4135 612 4171 vocet
620 4118 689 4188 dun,
703 4119 819 4185 apondns
827 4119 980 4176 haletum
992 4127 1018 4178 J.
1028 4128 1061 4176 V.
1076 4127 1104 4182 1..
