2882 4920
271 401 313 471 18
584 393 632 462 M.
659 391 699 462 T.
725 387 1016 462 CICERONIS

266 547 384 596 meam
406 524 443 591 in
460 517 562 590 illum
583 512 867 587 benivolentiam
886 523 1061 606 augerent
1080 537 1089 580 :
1108 533 1204 598 una,
1231 509 1334 608 quod

264 631 475 706 versabatur
501 632 540 700 iu
567 623 639 698 boc
663 621 784 696 studio
811 633 939 692 nostro
951 613 978 706 ⁵,
1001 643 1077 716 quo
1097 623 1205 691 etiam
1233 634 1336 692 nunc

261 749 418 818 maxime
440 740 674 822 delectamur,
701 747 840 805 etcum
861 731 1027 827 ingenio,
1054 742 1096 799 ut
1117 733 1234 818 nosti,
1265 755 1336 802 nec

262 859 340 929 sine
356 853 553 936 industria,
569 839 831 939 deinde,quod
843 853 983 910 mature
998 862 1036 912 se
1050 838 1205 910 contulit
1218 842 1257 908 in
1274 864 1334 912 so·

262 968 408 1039 cietates
420 958 721 1060 publicanorum:
734 947 835 1050 quod
847 947 995 1046 quidem
1010 946 1158 1019 nollem.
1167 949 1335 1022 Maximis

262 1075 360 1148 enim
378 1069 519 1144 damnis
539 1063 690 1138 affectus
707 1075 771 1134 est.
787 1058 858 1132 Sed
870 1073 993 1130 tamen
1007 1081 1114 1129 causa
1130 1065 1335 1134 communis

260 1183 418 1267 ordinis,
436 1177 528 1250 mihi
554 1171 918 1256 commendatissimi,
945 1165 1033 1240 fecit
1050 1169 1243 1240 amicitiam
1264 1195 1334 1242 no·

259 1311 371 1369 stram
389 1289 600 1362 firmiorem.
619 1282 760 1356 Deinde
773 1293 937 1352 versatus
954 1282 993 1349 in
1010 1281 1176 1375 utrisque
1194 1261 1341 1352 subselss

258 1400 341 1477 liis⁶
355 1401 494 1500 optima
507 1411 543 1469 et
554 1393 644 1481 fide,
655 1407 694 1466 et
707 1391 820 1480 lama,
829 1392 903 1488 jam
919 1403 1004 1460 ante
1020 1387 1115 1460 hanc
1130 1406 1333 1464 commuta·

259 1515 398 1586 tionem
411 1505 639 1607 reipublice,
652 1502 843 1603 petitioni⁷
860 1523 938 1572 sese
952 1498 1066 1584 dedit,
1080 1498 1333 1600 honoremque
1427 1517 1430 1523 ·

259 1621 555 1696 honestissimum
581 1613 797 1687 existimavit
824 1605 985 1681 fructum
1010 1606 1146 1679 laboris
1167 1610 1234 1680 sui.
1270 1614 1334 1684 His

258 1750 379 1808 autem
410 1717 703 1828 temporibusla
730 1746 790 1793 me
817 1717 1010 1790 Brundisio
1044 1742 1128 1788 cum
1155 1718 1268 1790 literis
1296 1731 1334 1791 et

260 1843 437 1916 mandatis
458 1835 644 1938 profectus
673 1833 720 1906 ad
745 1835 921 1905 Caesarem
952 1842 1026 1900 est:
1054 1853 1128 1926 qua
1156 1831 1195 1900 in
1225 1855 1265 1902 re
1297 1845 1335 1902 et

259 1976 420 2027 amorem
445 1951 524 2046 ejus
547 1949 585 2019 in
612 1941 843 2044 suscipiendo
866 1942 1015 2037 negotio
1036 1943 1221 2040 perspexi,
1239 1955 1276 2013 et
1293 1945 1334 2012 in
1387 2032 1389 2034 ,

258 2057 489 2138 conficiendo
511 2084 552 2131 ac
573 2053 819 2129 renuntiando
839 2049 960 2124 fidem.

307 2173 443 2245 Videor
460 2169 568 2254 mihi,
584 2191 700 2264 quum
716 2166 909 2262 separatim
928 2160 975 2231 de
997 2155 1179 2258 probitate
1199 2161 1277 2257 ejus
1297 2177 1335 2234 et

260 2283 425 2358 moribus
441 2281 605 2353 dicimus
623 2275 788 2363 fuissem,
803 2276 833 2342 si
855 2273 957 2369 prius
975 2292 1139 2359 causam,
1160 2295 1227 2342 cur
1247 2297 1334 2344 eum

260 2409 451 2491 tantopere
474 2385 681 2486 diligerem,
699 2379 766 2454 tibi
787 2381 1058 2480 exposuissem,
1076 2381 1115 2451 in
1131 2384 1210 2479 ipsa
1225 2405 1334 2454 causa

261 2500 480 2604 exponenda
490 2497 574 2570 satis
587 2495 694 2567 etiam
711 2492 757 2564 de
770 2489 954 2590 probitate
966 2487 1109 2560 dixisse.
1123 2489 1194 2562 Sed
1210 2505 1334 2562 tamen

261 2614 455 2714 separatim
476 2607 671 2708 promitto,
685 2605 722 2674 in
739 2625 873 2697 meque
888 2601 1044 2697 recipio,
1066 2595 1144 2670 fore
1165 2624 1250 2680 eum
1265 2598 1336 2672 tibi

262 2795 332 2844 rilem
342 2803 437 2842 eroum
445 2788 556 2838 noodr.
570 2786 774 2848 &cinamomo
818 2777 1008 2837 subselliorum,
1031 2777 1052 2826 ti
1076 2775 1182 2826 habetor
1207 2777 1336 2828 hundeum

263 2874 357 2926 Coelio:
376 2893 389 2913 ι
398 2868 515 2932 Quomio
531 2869 581 2930 jam
594 2881 620 2914 io
634 2862 776 2912 corrobora-
819 2858 882 2907 ratio
891 2892 900 2920 ,
908 2859 954 2906 tria
966 2871 1069 2920 genera:
1084 2857 1106 2906 ti
1120 2872 1260 2920 camaram,
1271 2857 1332 2912 duo.

263 2954 352 3011 maret,
371 2967 400 2998 ac
420 2951 445 2997 vi
464 2951 528 2995 inter
548 2943 614 2992 viros
634 2952 726 2991 meet».
745 2939 775 2988 ln
819 2934 882 2988 Nam
894 2947 919 2984 et
930 2937 1041 2998 judices,
1054 2946 1078 2982 et
1092 2938 1205 3000 patroni,
1225 2949 1249 2986 et
1262 2955 1335 2990 cocu.

263 3033 362 3090 eadero,
376 3031 455 3079 arton
473 3027 549 3075 modo
569 3024 622 3073 bno
640 3033 716 3082 retu,
733 3019 776 3069 ced
820 3029 912 3066 sutore·
924 3019 952 3063 in
964 3014 1085 3064 subsellii·
1096 3015 1337 3068 comidebaotzcau*

265 3113 338 3162 emm
349 3107 541 3165 eorrobormn,
555 3100 777 3162 idemooonodo
821 3109 926 3145 avaro
937 3095 977 3144 vel
991 3093 1023 3140 de
1038 3094 1145 3158 publici·
1163 3095 1334 3160 obuncum,

266 3187 496 3247 adolmoenteamd
508 3186 580 3234 etiarn
593 3182 649 3230 viri.
664 3181 777 3244 Etmpn
821 3175 860 3223 vel
881 3175 912 3222 dc
930 3173 1041 3240 privatin.
1059 3175 1162 3222 Mam.
1179 3200 1216 3212 -
1233 3177 1288 3224 ino
1307 3177 1336 3226 tn

265 3269 375 3336 ejusdem
386 3259 778 3325 ontiordaioltio,eoe,qoinon,
822 3255 929 3320 aurique
951 3253 1070 3302 meseum
1093 3264 1143 3313 ort,
1165 3261 1191 3302 et
1216 3265 1335 3318 parma

266 3341 779 3404 utCoelilaecuntor,adoleaoemueuenr‚
823 3333 1018 3395 luit,erjude1.
1034 3333 1289 3402 Guv.-Namfides
1298 3349 1336 3386 m

267 3428 311 3477 red
321 3428 381 3486 riri,
396 3424 540 3473 robustiores
552 3419 692 3486 appellarit.
712 3415 780 3466 Alibi
823 3415 937 3482 petroni3
944 3413 1023 3476 samo
1029 3412 1120 3474 judicis
1128 3411 1219 3477 integri
1231 3424 1258 3477 et
1265 3415 1336 3475 juti,

267 3507 340 3555 etiam
352 3507 379 3554 io
396 3505 459 3553 banc
470 3501 613 3551 manentiam
626 3497 713 3547 eodem
725 3509 780 3543 rer·
861 3509 885 3556 7.
903 3491 1024 3540 Potitiani.
1041 3493 1179 3540 Honorum.
1199 3495 1240 3540 Au
1261 3493 1336 3542 etiam

267 3588 302 3636 bo
314 3601 372 3634 urm
384 3595 428 3634 eet.
437 3581 499 3632 lodo
512 3581 609 3628 mutto
621 3589 691 3625 πται.
707 3577 779 3623 Mau.
824 3573 937 3636 garerit,
949 3572 1078 3630 incertum,
1087 3570 1144 3633 quia
1157 3583 1225 3618 nunc
1237 3565 1337 3621 tandm

304 3667 331 3714 t.
350 3667 381 3712 In
393 3661 441 3710 lroo
457 3659 540 3710 studio
556 3667 648 3706 nostro.
669 3655 780 3703 Philoro-
823 3661 968 3716 quaterem
983 3651 1062 3716 perit,
1077 3650 1121 3713 qui
1139 3649 1233 3714 primur
1246 3652 1337 3716 gnum

267 3748 343 3813 pole.
357 3744 443 3792 Corn.
452 3736 651 3803 mmoqueoue
661 3733 778 3782 formala:
822 3730 1133 3779 reuomentem.

267 3843 324 3878 nero
337 3821 468 3884 conjicitur
480 3818 687 3869 bonevarrooern
696 3819 779 3877 patro·
859 3812 884 3860 8.
904 3809 947 3858 His
975 3809 1128 3874 temporibus.
1156 3811 1216 3857 Post
1240 3809 1335 3860 eladae

268 3907 418 3958 neminisse.
430 3903 476 3950 Eo.
822 3887 1227 3938 &adnumerationem
1248 3887 1337 3939 Goero

304 3990 329 4038 o.
344 3987 374 4034 In
387 3981 495 4046 unisque
509 3972 634 4027 inbutis.
656 3973 686 4020 ln
699 3969 780 4036 publi·
822 3967 959 4028 Curam,
994 3967 1081 4016 altem
1110 3967 1335 4018 reconciliationem

267 4071 315 4128 eis,
335 4063 485 4132 privatisque
505 4054 602 4113 cauit,
625 4049 653 4100 id
672 4060 728 4113 att,
753 4047 779 4096 ln
821 4049 890 4110 eim,
915 4046 1082 4112 exspectabat.
1101 4048 1195 4112 Supra,
1219 4046 1264 4096 ΠΒ.
1280 4049 1335 4110 xl,

266 4146 399 4217 majoribm
421 4152 447 4191 et
467 4132 693 4186 modumsuae
714 4127 779 4178 enim
823 4127 897 4191 optor.
911 4141 955 4188 ²⁷·
969 4124 1043 4174 Mar.
