2882 4920
287 451 334 498 no
599 427 647 496 Μ.
673 365 713 496 Τ.
739 419 1032 494 CICERONIS

286 547 424 621 habent
439 550 477 619 in
495 547 678 646 provincia
696 545 819 617 Gallia.
840 543 894 615 Ad
915 567 957 615 ea
973 540 1139 631 visenda,
1157 543 1352 639 pecunias·

285 683 379 756 que,
402 681 482 756 quae
504 681 524 727 a
544 655 685 728 colonis
706 652 906 740 debentur,
928 651 1141 750 exigendas,
1165 667 1354 750 totamque

285 793 363 840 rem
387 781 424 839 et
448 763 757 864 cognoscendam,
785 779 822 837 et
844 761 1181 848 administrandam,
1215 762 1355 860 legatos

284 879 423 976 equites
437 898 608 948 romanos
620 875 801 962 misimus,
817 877 860 966 Q.
870 871 1069 960 Fufidium,
1081 873 1126 961 Q.
1137 875 1191 959 tt,
1200 875 1249 942 M.
1261 876 1353 944 Fau·

283 994 398 1075 cium,
412 989 462 1057 M.
472 990 531 1075 lt,
547 986 591 1075 Q.
608 989 850 1072 Mamercum,
868 985 912 1074 Q.
927 989 963 1054 F.

289 1139 291 1146 1
330 1105 419 1172 Peto
437 1121 457 1167 a
474 1111 511 1166 te
528 1095 567 1166 in
585 1094 759 1189 majorem
779 1093 950 1180 modum,
966 1116 1036 1191 pro
1052 1106 1176 1164 nostra
1193 1095 1352 1165 necessi·

281 1208 430 1294 tudine,
445 1219 486 1276 ut
500 1203 566 1276 tibi
582 1227 624 1275 ea
637 1227 694 1277 res
707 1219 803 1276 cura
815 1205 878 1290 sit,
891 1225 1116 1300 operamque
1133 1200 1212 1291 des,
1230 1216 1271 1273 ut
1286 1227 1354 1302 per

281 1335 318 1391 te
337 1341 447 1415 quam
464 1312 762 1388 commodissime
774 1313 963 1410 negotium
987 1311 1176 1408 municipii
1195 1309 1352 1382 admini-

281 1441 428 1513 stretur,
446 1447 556 1520 quam
571 1424 804 1521 primumque
819 1419 1049 1507 conficiatur,
1067 1423 1252 1519 ipsosque,
1260 1447 1354 1518 quo·

212 1605 219 1613 .
280 1562 364 1611 rum
378 1537 527 1608 nomina
542 1534 688 1632 scripsi,
703 1548 866 1630 utquam
882 1530 1262 1620 honorificentissime,
1282 1556 1352 1630 pro

281 1665 345 1721 tua
358 1661 506 1732 natura,
526 1660 562 1716 et
575 1669 686 1740 quam
700 1640 948 1712 liberalissime
960 1654 1102 1711 tractes.
1118 1645 1238 1712 Bonos
1253 1645 1353 1712 viros

280 1756 327 1831 ad
349 1773 447 1828 tuam
467 1751 769 1826 necessitudinem
788 1750 1016 1845 adjunxeris,
1033 1751 1353 1849 municipiumque

281 1867 523 1966 gratissimum
537 1859 717 1934 beneficio
732 1875 798 1931 tuo
807 1858 1029 1947 devinxeris3
1041 1859 1130 1930 mihi
1143 1883 1230 1931 vero
1240 1861 1351 1932 etiam

281 2002 326 2049 eo
344 1976 480 2075 gratius
498 1971 643 2057 feceris,
666 1969 768 2068 quod
786 1993 902 2067 quum
920 1993 1064 2067 semper
1084 1976 1179 2042 tueri
1197 1972 1352 2042 munici-

280 2111 345 2186 pes
362 2108 463 2157 meos
477 2084 663 2168 consuevi,
678 2095 757 2151 tum
774 2079 834 2150 hic
844 2103 962 2151 annus
979 2081 1160 2178 praecipue
1172 2078 1217 2151 ad
1230 2104 1351 2152 meam

280 2219 405 2269 curam
419 2190 656 2288 officiumque
673 2194 841 2287 pertinet.
860 2193 952 2260 Nam
969 2189 1214 2262 constituendi
1234 2193 1352 2261 muni-

280 2306 363 2404 cipii
378 2327 500 2390 causa,
518 2299 589 2372 hoc
601 2323 697 2370 anno
709 2297 848 2370 aedilem
864 2297 981 2369 filium
999 2325 1122 2372 meum
1137 2300 1215 2372 lieri
1229 2301 1352 2392 ¹volui,

280 2432 316 2489 et
329 2413 446 2486 fratris
455 2410 590 2499 filium,
602 2425 638 2482 et
647 2413 694 2479 Μ.
704 2411 874 2496 Caesium,
889 2409 1076 2482 hominem
1092 2409 1180 2481 mihi
1194 2415 1352 2483 maxime

280 2525 548 2598 necessarium:
574 2521 605 2592 is
624 2523 724 2590 enim
747 2522 974 2617 magistratus
992 2520 1031 2589 in
1052 2535 1177 2590 nostro
1195 2521 1351 2591 munici-

280 2642 361 2737 pio,
381 2659 449 2707 nec
463 2633 554 2704 alius
572 2631 693 2701 ullus²
714 2630 827 2701 creari
841 2629 955 2701 solet:
975 2655 1069 2726 quos
1085 2629 1351 2719 cohonestaris,

279 2753 318 2818 in
334 2747 532 2846 primisque
548 2765 619 2830 me,
637 2742 668 2811 si
680 2765 738 2811 res
751 2738 898 2838 publica
912 2740 1120 2837 municipii,
1136 2754 1200 2810 tuo
1215 2740 1350 2826 studio,

280 2856 466 2956 diligentia
489 2851 584 2924 bene
601 2850 848 2922 administrata
866 2854 944 2922 erit.
969 2850 1080 2940 Quod
1104 2865 1146 2921 ut
1163 2848 1291 2940 facias,
1313 2865 1351 2922 te

279 2966 515 3040 vehementer
535 2963 643 3033 etiam
665 2976 774 3058 atque
795 2960 902 3032 etiam
924 2983 1026 3056 rogo.

281 3162 503 3232 qnaresimpedint
514 3179 629 3229 agrorum
638 3161 793 3226 vectigalium
838 3160 1005 3224 manumisi,
1023 3158 1106 3210 Cumis
1125 3170 1151 3209 et
1174 3161 1294 3226 Neapoli3
1318 3163 1351 3212 nd

280 3244 423 3294 frnctmnnt
433 3243 569 3290 imminuat.
578 3243 651 3292 Mun
838 3247 892 3289 Att.
905 3241 945 3299 Χ,
961 3251 1006 3288 rr:
1025 3252 1133 3304 quaestor
1150 3239 1253 3288 Sidicini
1267 3255 1293 3294 et
1307 3249 1352 3293 Fe.

316 3339 341 3372 a.
364 3323 416 3372 Nec
430 3321 580 3371 ullasullas.
602 3324 631 3369 ln
652 3320 706 3368 dits
728 3320 793 3368 enirn
836 3319 916 3381 renti,
931 3319 1100 3383 ontionepro
1111 3318 1352 3386 Cluentio,csp.8;

281 3403 420 3468 municipiis
428 3401 468 3450 vel
476 3401 580 3450 dictator
595 3400 672 3450 creari
685 3399 791 3455 solebat,
836 3397 902 3446 Gall.
910 3399 948 3460 X,
963 3400 991 3448 3.
1003 3397 1156 3456 Hadrianus,
1167 3408 1228 3446 teste
1240 3400 1350 3464 spertin-

281 3491 309 3532 nt
329 3481 433 3530 lanarii
454 3479 527 3547 (orat.
547 3495 592 3545 pro
613 3474 730 3540 Milone),
753 3477 792 3524 vel
835 3493 882 3537 no,
896 3493 922 3524 se
936 3477 1056 3524 nominari
1070 3477 1351 3542 dictatorem,aedilem,

281 3558 538 3619 eonsnl,utTnsculi;
550 3555 792 3618 creabmtnrdnnm·
837 3555 994 3604 duumvirum
1011 3557 1039 3606 in
1054 3555 1135 3608 nunu
1145 3558 1352 3625 municipiispns·
1387 3596 1391 3602 .

281 3639 335 3700 viri,
344 3636 459 3700 Corfinii3
470 3637 533 3689 em.
543 3637 573 3686 de
587 3635 649 3686 Bell.
660 3634 792 3684 oiv.lib·l:
836 3650 877 3682 sur
892 3645 938 3684 ert.
956 3636 1000 3686 En.

673 3852 960 3883 maneo—-
