2882 4920
251 429 275 502 6
575 433 625 502 Μ.
650 431 689 501 Τ.
716 427 1001 502 CICERONIS

246 623 1129 650 mmmmmmffl
1134 625 1319 646 mmm

565 805 886 886 EPISTOLA
919 805 998 885 IV.

247 973 345 1043 Quum
361 971 468 1039 Caesar,
485 965 580 1026 victor
595 965 725 1029 civilium
738 965 901 1038 bellorum,
926 983 1028 1044 mum
1043 963 1187 1026 militibus
1203 965 1318 1028 divisu-

286 1085 336 1124 rus
351 1079 439 1138 esset,
455 1063 540 1142 eique
554 1064 672 1143 negotio
688 1064 865 1142 prefecisset
882 1068 919 1138 Q.
927 1063 1097 1136 Valerium,
1112 1061 1183 1121 huic
1189 1063 1322 1122 Volater-

287 1182 374 1224 renos
384 1159 583 1232 commendat,
597 1179 635 1220 ne
644 1161 763 1222 illorum
773 1180 842 1240 ager
850 1159 989 1222 divisioni
1001 1158 1182 1240 subjiciatur.
1196 1161 1322 1234 (Roma,

286 1277 365 1318 suno
375 1263 413 1320 U.
426 1260 458 1316 C.
473 1275 541 1331 707,
557 1275 656 1317 mense
668 1255 816 1336 octobri.)

366 1439 413 1508 M.
422 1441 461 1506 T.
480 1442 517 1507 C.
539 1440 582 1525 Q.
596 1437 783 1505 VALERIO
808 1439 849 1524 Q.
874 1439 911 1506 F.
931 1435 1076 1522 ottoAE,
1099 1439 1195 1506 Lm.

612 1545 840 1618 PttoPnAEt.
859 1546 892 1617 S.
910 1547 952 1616 D.
1018 1621 1022 1628 ι

295 1701 380 1770 Cnu
398 1695 645 1797 municipibus
660 1696 905 1771 Volaterranis
928 1695 1019 1767 mihi
1037 1719 1178 1769 summa
1195 1720 1321 1780 neces·

248 1807 371 1880 situdo
385 1824 449 1890 est.
463 1813 598 1908 Magno
612 1808 710 1880 enim
724 1832 807 1879 meo
818 1803 1020 1882 beneficio¹
1039 1803 1183 1891 affecti,
1196 1831 1322 1879 cumu-

248 1917 420 1990 latissime
438 1917 528 1990 mihi
543 1919 693 2017 gratiam
710 1917 917 1993 retulerunt
933 1943 942 1988 ι
958 1941 1043 1992 nam
1058 1941 1126 1989 nec
1143 1919 1181 1988 in
1201 1917 1322 1990 hono·

248 2027 351 2102 ribus
378 2030 484 2114 meis,
509 2052 577 2101 uec
604 2029 642 2100 in
664 2025 854 2102 laboribus
883 2036 1088 2126 umquam²
1113 2024 1321 2098 defuerunt.

247 2143 339 2211 Cum
353 2137 489 2236 quibus
502 2142 531 2210 si
549 2137 639 2210 mihi
657 2139 757 2210 nulla
770 2161 878 2210 causa
894 2133 1155 2224 intercederet,
1178 2149 1322 2226 tamen,

246 2248 350 2345 quod
364 2262 400 2320 te
416 2247 730 2324 vehementissime
742 2246 867 2344 diligo,
882 2246 1058 2345 quodque
1071 2271 1131 2318 me
1146 2271 1167 2318 a
1187 2261 1223 2319 te
1241 2246 1324 2345 plu·

248 2359 332 2428 rimi
350 2355 429 2430 fieri
449 2361 586 2445 sentio,
606 2370 642 2430 el
661 2381 850 2456 monerem
867 2370 923 2444 te,
943 2371 980 2428 et
996 2354 1184 2443 hortarer,
1203 2372 1245 2428 ut
1263 2381 1324 2428 eo·

248 2490 332 2537 rum
346 2462 503 2538 fortunis
514 2465 741 2555 consuleres,
761 2469 957 2565 praesertim
973 2490 1089 2565 quum
1103 2491 1219 2564 prope
1233 2491 1324 2566 prae-

137 2669 140 2674 Ι
248 2576 392 2673 cipuam
401 2600 545 2650 causam
557 2575 736 2650 haberent
747 2576 793 2648 ad
798 2577 858 2674 jus
868 2575 1131 2650 obtinendum:
1146 2579 1321 2677 primum,

247 2684 349 2782 quod
363 2685 500 2763 Sullani
512 2687 687 2784 temporis
696 2685 961 2774 acerbitatem³,
971 2688 1124 2760 deorum
1137 2690 1323 2764 immorta-

245 2795 338 2876 lium
344 2795 579 2895 benignitate,
588 2794 899 2896 subtetfugerunt;
908 2795 1053 2885 dcinde,
1059 2795 1160 2894 quod
1173 2821 1322 2872 summo

246 2905 368 2983 studio
384 2907 512 3006 populi
532 2908 674 2983 romani
693 2931 715 2980 a
735 2909 845 2982 mein
863 2905 1056 2980 consulatu
1075 2929 1157 2978 meo
1174 2903 1320 2980 defensi

250 3032 345 3092 sunt.
354 3021 479 3110 Quum
493 3017 633 3092 tribuni
648 3015 782 3116 plebis⁴
798 3017 914 3116 legem
929 3017 1191 3114 iniquissimam
1202 3017 1249 3089 de
1262 3041 1324 3090 eo·

248 3151 332 3204 tum
349 3127 443 3224 agris
461 3127 802 3227 promulgavissent‚
823 3125 928 3200 facile
948 3131 1090 3200 senatui
1109 3127 1324 3227 populoque

249 3261 402 3309 romano
432 3239 612 3336 persuasi,
637 3251 679 3309 ut
704 3262 766 3310 eos
792 3239 909 3323 nivea,
939 3233 1073 3333 quihus
1095 3235 1241 3310 fortuna
1260 3261 1324 3336 pe-

249 3349 440 3446 percisset,
465 3346 582 3418 salvos
604 3371 682 3419 esse
706 3347 853 3420 vellent.
877 3352 979 3420 Hunc
998 3347 1180 3420 actionem
1199 3371 1319 3419 meam

289 3521 455 3592 nfectficle.
468 3521 544 3585 Quod
558 3522 637 3588 legem
652 3540 667 3571 s
683 3522 763 3572 tribu·
844 3525 868 3573 3.
894 3521 992 3572 Sullani
1016 3523 1130 3589 temporis
1156 3521 1323 3574 acerbitatem.

250 3602 289 3652 nia
302 3601 338 3667 pl.
350 3601 539 3666 promulgatam,
552 3602 583 3650 de
597 3603 661 3666 egris
678 3618 763 3652 eornm
807 3606 865 3668 Quo
875 3621 950 3669 qtmm
964 3606 1029 3654 Solle
1043 3621 1114 3670 egres
1125 3605 1260 3664 divideret,
1271 3603 1324 3652 Vo-

251 3681 404 3740 dividendis,
418 3682 518 3746 perferri
537 3681 625 3730 consul
643 3699 694 3732 non
709 3699 763 3731 sum
808 3681 953 3737 latcrrenum
962 3683 1157 3750 publicavit,sed
1169 3700 1248 3749 neque
1261 3682 1324 3731 illud

251 3777 345 3827 passu
356 3762 431 3810 lnfre.
442 3763 515 3810 Man.
807 3761 928 3822 dividere,
939 3763 1189 3827 ncqneVolrterrenie
1198 3762 1325 3811 civitatem

289 3855 314 3887 a.
334 3840 492 3888 Restituimus
515 3839 574 3890 lect.
601 3841 676 3904 prisc.
703 3837 763 3889 edd.
807 3840 1324 3907 eriperepotnit,qunmetismtumessent

253 3923 313 3968 Fere
325 3935 434 3968 omnesa
451 3921 663 3980 Gentem-nem
678 3921 765 3968 necin
808 3921 1020 3971 interminconn.

252 3999 389 4048 bonoribus
410 3998 469 4046 meis
499 3999 625 4048 laboribus
648 4015 763 4067 umquem
844 4009 870 4056 t.
894 3999 996 4048 tribuat
1012 3999 1099 4064 plebis.
1123 3999 1211 4060 Rulli,
1235 4009 1324 4046 contra

253 4079 409 4127 defueruntn.
418 4079 444 4126 J.
453 4081 484 4126 V.
494 4081 523 4127 1..
533 4107 569 4116 --
577 4077 666 4128 Schiitz
675 4089 765 4128 utrum·
809 4093 880 4141 qoem
894 4088 952 4126 sunt
961 4077 1086 4128 Ciceronis
1096 4079 1221 4129 orationes
1230 4077 1261 4126 de
1269 4077 1325 4142 lege

255 4159 336 4223 quein
346 4158 447 4206 omittit.
462 4158 508 4206 ltu.
810 4157 919 4222 Agr-sris.
934 4157 978 4208 Eo.
