2882 4920
371 436 852 528 sr1srotffi‚x111‚29.
1101 429 1148 518 ss

90 632 1147 658 mmmmfflmmmmmmm

358 767 668 896 nrrsnota
704 811 870 892 xxm.

85 973 253 1052 Capitonem
280 992 337 1054 pro
363 971 482 1034 Antistii
507 970 680 1032 hereditate·
705 967 923 1050 diligentissime
958 973 1147 1046 commendat.

413 1065 541 1147 (Roma,
558 1083 634 1124 anno
646 1068 681 1124 U.
692 1067 726 1124 C.
740 1063 821 1142 707.)

346 1230 764 1316 u.r.c.t1rtauco¹
787 1248 819 1315 s.
836 1249 877 1314 n.

127 1400 212 1470 Non
231 1395 381 1484 dubito,
402 1399 492 1496 quin
510 1399 619 1484 scias,
641 1401 679 1468 in
696 1397 739 1468 iis
755 1397 979 1486 necessariis,
997 1400 1063 1494 qui
1081 1398 1148 1471 tibi
1169 1416 1172 1424 '

84 1520 218 1604 apatre
234 1506 350 1578 relicti
363 1522 465 1596 sunt,
481 1533 540 1580 me
556 1505 623 1579 tibi
635 1531 712 1579 esse
725 1506 783 1580 vel
801 1508 1150 1604 conjunctissimum,

85 1641 153 1686 non
180 1616 239 1687 his
264 1617 374 1688 modo
397 1619 531 1706 causis,
552 1643 633 1714 quae
655 1617 812 1716 speciem
832 1616 990 1689 habeant
1011 1643 1150 1717 magnae

85 1727 371 1822 conjunctionis,
383 1727 445 1800 sed
460 1729 501 1799 iis
517 1731 644 1814 etiam,
663 1752 742 1824 quae
756 1725 993 1799 familiaritate
1013 1741 1049 1799 et
1063 1753 1151 1800 con·

85 1836 275 1908 suetudine
290 1851 505 1909 teneantur:
535 1862 644 1934 quam
665 1839 733 1908 scis
750 1836 840 1907 mibi
852 1835 1151 1932 jucundissimam

84 1969 166 2016 cum
192 1956 319 2044 patre²
349 1962 434 2034 tuo,
459 1961 497 2019 et
519 1971 697 2019 summam
720 1945 841 2019 fuisse.
869 1946 925 2018 Ab
954 1945 1011 2017 his
1039 1948 1152 2020 initiis

84 2069 207 2126 noster
223 2059 261 2125 in
282 2069 319 2128 te
340 2079 441 2127 amor
458 2055 657 2152 profectus,
676 2055 775 2124 arisit
793 2068 981 2152 paternam
998 2061 1152 2128 necessi·

86 2165 264 2252 tudinem,
284 2179 320 2236 et
331 2189 376 2237 eo
391 2165 519 2262 magis,
538 2162 639 2262 quod
653 2161 835 2252 intellexi,
855 2177 896 2234 ut
911 2164 1068 2260 primum
1086 2189 1152 2262 per

84 2291 224 2348 aetatem
235 2275 412 2372 judicium
431 2273 548 2346 facere
567 2275 748 2371 potueris,
767 2273 894 2368 quanti
912 2273 1068 2370 quisque
1084 2272 1151 2344 tibi

84 2383 271 2458 faciendus
293 2401 406 2471 essct,
425 2409 484 2456 me
504 2409 526 2456 a
547 2398 583 2455 te
601 2387 639 2454 in
657 2384 783 2482 primis
801 2397 962 2481 coeptum
987 2408 1064 2454 esse
1086 2383 1153 2456 ob·

84 2494 232 2582 servari,
254 2493 342 2580 coli,
368 2492 477 2591 diligi.
500 2492 704 2566 Accedebat
726 2517 802 2564 nou
824 2493 1006 2565 mediocre
1029 2497 1153 2566 vincu-

84 2603 156 2676 lum
175 2628 292 2702 quum
308 2602 526 2692 studiorum,
547 2604 647 2701 quod
665 2605 785 2701 ipsum
806 2617 861 2674 est
883 2627 1005 2701 perse
1025 2628 1151 2701 grave3

84 2728 161 2784 tum
180 2737 309 2785 eorum
322 2713 543 2802 studiorum,
558 2739 757 2810 earumque
772 2716 924 2800 artium,
943 2737 1023 2811 quae
1035 2738 1102 2813 per
1114 2739 1153 2784 sc

85 2827 168 2923 ipsae
190 2850 273 2912 eos,
288 2827 353 2923 qui
370 2825 558 2899 voluntate
578 2823 705 2896 eadem
723 2839 826 2906 sunt,
844 2823 951 2894 etiam
968 2821 1151 2894 familiari·

85 2948 156 3008 tate
168 2934 393 3008 devinciunt.
409 2940 625 3034 Exspectare
637 2949 674 3007 te
687 2935 856 3024 arbitror,
867 2935 943 3006 haec
957 2948 1031 3006 tarn
1046 2933 1153 3031 longe

85 3047 239 3144 repetita
257 3047 434 3144 principia
452 3071 528 3143 quo
549 3059 721 3142 spectent.
746 3044 786 3115 Id
806 3047 964 3142 primuni
983 3067 1069 3143 crgo
1088 3043 1153 3114 ha·

84 3153 192 3244 beto,
208 3180 284 3228 non
301 3157 379 3226 sine
394 3179 522 3252 magna
529 3155 699 3254 justaque
715 3181 821 3228 causa
836 3155 930 3227 hanc
944 3180 965 3226 a
982 3178 1041 3226 me
1055 3180 1153 3228 com·

85 3264 384 3335 memorationem
404 3288 479 3336 esse
501 3263 643 3336 factam.

131 3379 172 3447 C.
201 3374 306 3446 Ateio
331 3377 506 3473 Capitone
534 3391 619 3446 utor
644 3372 928 3446 familiarissime.
961 3378 1062 3446 Notae
1089 3372 1154 3445 tibi

84 3499 171 3554 sunt
185 3484 374 3556 varietates
392 3509 559 3556 meorum
578 3481 817 3582 temporum³.
839 3490 881 3554 In
903 3485 1003 3554 omni
1022 3508 1154 3581 genere

84 3607 119 3664 et
130 3593 317 3665 honorum
329 3607 365 3666 et
375 3593 542 3667 laborum
558 3618 742 3676 meorum,
753 3608 789 3664 et
805 3595 964 3680 animus,
979 3607 1014 3663 et
1026 3616 1154 3690 opera,

84 3717 120 3775 et
136 3706 354 3793 auctoritas,
379 3719 416 3776 et
436 3707 565 3804 gratia,
590 3709 698 3775 etiam
717 3727 774 3776 res
791 3701 973 3774 familiaris
993 3707 1031 3774 C.
1049 3704 1154 3800 Capi.

121 3923 145 3959 x.
161 3909 263 3958 Planco.
284 3909 346 3958 Cum
363 3909 458 3958 Cura
477 3910 504 3957 in
516 3908 599 3958 Africa
680 3922 705 3955 a.
721 3909 804 3955 Pactu.
816 3906 893 3970 Epist.
908 3905 922 3953 3
935 3904 978 3954 lib.
993 3909 1026 3955 x.

83 3999 170 4036 soom
191 3987 332 4050 scipionem
359 3999 385 4037 et
405 3988 495 4038 Jubam
518 4003 598 4052 regem
679 3989 704 4036 3.
717 3989 984 4050 Heorremtempomm.
1003 3988 1061 4035 Non
1076 3988 1155 4036 solnm

83 4077 217 4130 ψη.
233 4067 282 4114 llic
297 4066 387 4125 amad
399 4083 472 4132 quem
480 4069 599 4132 cantepi-
643 4067 754 4115 exsilium
767 4063 898 4130 significat,
915 4065 957 4115 scd
974 4083 1058 4116 omnes
1076 4083 1156 4115 retum

84 4145 156 4194 stola
166 4143 210 4194 lib.
220 4145 254 4194 X.
265 4148 337 4194 Man,
647 4163 743 4194 uterum
757 4145 941 4196 vicissitudines.
951 4149 1009 4196 Scis.
