2882 4920
262 405 285 476 a
587 405 637 477 M.
662 409 701 476 T.
729 387 1006 481 nicanorus

262 551 443 616 mereare,
455 543 498 598 ut
511 529 733 618 existiment,
747 553 832 601 eum
848 532 952 628 quasi
966 530 1090 602 divino
1108 531 1261 605 consilio
1273 535 1333 606 isti

263 638 410 736 negotio
418 639 656 736 praepositum
674 661 771 728 esse,
787 639 884 738 apud
896 665 1009 739 quem
1024 665 1141 712 unum
1159 667 1247 730 nos,
1266 669 1332 716 eo-

263 771 344 818 rum
357 748 524 846 perpetui
534 744 754 838 defensores,
768 748 969 847 plurimum
977 749 1097 826 valere
1110 774 1298 849 possemus
1306 763 1334 825 ⁹.

299 958 327 1006 9.
341 941 408 1006 Alit,
416 957 560 1008 putem,
574 951 661 991 eontra
671 943 734 992 MSS
747 954 773 993 et
785 942 893 1010 edd-pr.
902 946 968 995 tv.
985 945 1014 994 L.

613 1341 912 1444 EPISTOLA
938 1345 988 1424 V.

264 1551 309 1608 Ne
332 1566 401 1626 ager
425 1551 457 1607 C.
479 1547 574 1608 Curtii
596 1546 763 1622 dividatur,
788 1547 951 1608 rationibus
976 1561 1006 1609 et
1032 1551 1211 1628 argumentis
1239 1566 1335 1632 rogat.
1420 1563 1424 1570 “

465 1649 589 1728 (Rome,
610 1664 687 1704 anuo
702 1647 741 1704 U.
755 1647 789 1706 C.
806 1645 877 1718 708,
894 1653 992 1706 mense
1003 1645 1142 1728 octobri.)

391 1845 436 1910 u.
447 1847 485 1911 r.
501 1846 538 1911 c.
558 1845 599 1929 Q.
609 1829 799 1912 virumn
823 1847 865 1930 Q.
883 1847 920 1914 r.
939 1845 1089 1930 onem,
1112 1847 1208 1914 acc.

606 1951 831 2022 Pnornmr.
848 1951 884 2019 s,
904 1951 941 2018 P.
955 1953 996 2024 n.

315 2105 399 2176 Nor
415 2100 567 2174 moleste
586 2099 682 2188 fero,
705 2125 784 2173 eam
802 2099 1130 2191 necessitudinem,
1149 2125 1230 2200 quaa
1248 2101 1338 2174 mihi

134 2268 141 2282 .
269 2228 391 2284 tecum
408 2224 482 2300 est,
496 2223 622 2281 notam
636 2234 715 2282 esse
731 2235 843 2307 quam
861 2211 1048 2309 plurimis;
1075 2235 1197 2310 neque
1216 2226 1338 2284 tamen

269 2320 420 2393 obeam
443 2343 584 2392 causam
612 2318 736 2416 (quod
761 2333 803 2392 tu
825 2322 963 2419 optime
986 2322 1188 2394 existimare
1212 2322 1339 2422 potes)

269 2444 306 2502 te
323 2427 501 2528 impedio,
516 2453 592 2528 quo
608 2429 731 2500 minus
745 2444 956 2528 susceptum
970 2433 1180 2528 negotium,
1194 2455 1262 2530 pro
1276 2447 1340 2504 tua

270 2537 343 2623 fide
362 2553 399 2611 et
416 2538 615 2636 diligentia,
637 2562 683 2612 ex
703 2539 892 2612 voluntate
908 2541 1073 2630 Caesaris,
1093 2542 1158 2638 qui
1179 2539 1244 2613 tibi
1259 2566 1341 2613 rem

270 2673 437 2748 magnam
456 2647 713 2747 difficilemque
730 2650 929 2742 commisit,
952 2674 1076 2749 gerere
1097 2651 1225 2749 possis.
1246 2654 1341 2725 Nam

271 2783 388 2858 quum
400 2759 507 2831 multi
520 2784 541 2831 a
553 2783 613 2830 me
630 2773 760 2858 petant
774 2760 904 2848 multa,
915 2760 1016 2858 quod
1034 2759 1080 2832 de
1100 2775 1162 2832 tua
1180 2785 1265 2859 erga
1280 2785 1341 2832 me

270 2869 456 2955 voluntate
475 2893 550 2940 non
565 2869 757 2959 dubitent,
771 2893 848 2941 non
860 2873 1069 2961 committo,
1083 2884 1125 2941 ut
1142 2869 1342 2943 ambitione

273 3005 350 3052 mea
371 2977 590 3052 conturbem
608 2978 770 3052 officium
786 2994 902 3052 tuum.
926 2985 965 3053 C.
982 2983 1110 3054 Curtio
1124 2979 1170 3052 ab
1189 2981 1341 3054 ineunte

273 3105 375 3163 aetate
397 3088 668 3162 familiarissime
690 3115 771 3162 sum
792 3115 889 3163 usus.
908 3091 1012 3188 ,Ejus
1033 3105 1070 3163 et
1094 3090 1230 3163 Sullani
1252 3105 1344 3163 tem·

274 3202 372 3301 poris
390 3201 621 3298 injustissima
643 3199 841 3273 calamitate
863 3200 983 3289 dolui;
1001 3215 1038 3272 et
1055 3227 1171 3299 quum
1194 3201 1254 3290 iis,
1276 3204 1343 3300 qui

275 3310 429 3383 similem
455 3311 621 3409 injuriam
645 3326 884 3409 acceperant,
906 3313 1044 3414 amissis
1063 3309 1242 3383 omnibus
1265 3309 1343 3383 for-

277 3424 397 3509 tunis,
425 3417 564 3491 reditus
591 3433 712 3492 tamen
734 3422 772 3492 in
794 3422 947 3520 patriam
968 3421 1154 3492 voluntate
1176 3420 1344 3491 omniurn

278 3529 429 3604 concedi
446 3528 642 3618 videretur,
660 3528 805 3626 adjutor
826 3517 1084 3603 incolumitatis
1102 3529 1163 3603 fui.
1181 3535 1216 3602 ls
1234 3529 1345 3604 habet

278 3644 316 3712 in
327 3641 563 3712 Volaterrano
576 3641 840 3738 possessionem
849 3696 859 3729 ,
868 3666 985 3739 quum
1001 3641 1039 3711 in
1053 3665 1148 3730 eam,
1158 3655 1343 3738 tamquam

279 3777 299 3823 e
312 3747 518 3848 naufragio,
537 3749 705 3846 reliquias
717 3751 938 3822 contulisset.
952 3755 1030 3821 Hoc
1045 3765 1164 3822 autem
1180 3765 1345 3848 ternpore

279 3887 363 3934 eum
376 3866 509 3934 caesam
524 3861 561 3930 in
574 3876 738 3932 senatum
749 3861 835 3957 legit
850 3889 857 3931 :
878 3885 989 3959 quem
1004 3860 1171 3932 ordinem
1185 3859 1261 3949 ille,
1278 3860 1345 3931 ista

317 4092 339 4123 r.
359 4075 448 4124 Ceasar.
466 4073 595 4123 Senatores
611 4073 703 4122 bellum
717 4073 790 4121 civile
832 4089 874 4122 aua
891 4084 969 4132 secu,
991 4073 1063 4122 etiarn
1081 4071 1215 4140 peregrinis
1234 4070 1343 4121 adscitis.

279 4155 424 4214 abstulerat,
434 4153 460 4202 in
473 4168 578 4217 qnorum
591 4152 673 4202 locum
686 4153 789 4218 legiter
833 4154 932 4201 streton.
942 4155 1055 4204 Curta.
