2882 4920
323 443 854 528 nprsronmxnuaa.
971 401 979 412 ’
1093 445 1190 519 35·

78 629 669 654 ΜΜΜΜΜΜΜΜΜΜΜΜ
673 629 1138 658 mmmmmmmmwn

322 804 659 884 ·EPISTOLA
693 797 865 883 XXIII.

80 967 239 1028 Cossinium
249 967 423 1028 Anchialum
431 963 568 1025 libertum
581 966 773 1029 commendat.
783 965 907 1046 (Romae,
918 987 964 1026 an.
973 974 1010 1029 U.
1021 973 1053 1028 C.
1065 970 1144 1048 707.)
1222 1031 1226 1042 ,

415 1155 571 1222 CICERO
594 1156 748 1222 SERVIO
770 1157 802 1222 S.

124 1311 165 1378 L.
180 1308 540 1394 Coss1n10,amicoet
559 1305 684 1378 tribuli
698 1321 783 1394 tuo,
804 1307 911 1380 valde
921 1307 1144 1386 familiariter

82 1433 171 1488 utor.
188 1421 280 1490 Nam
294 1431 330 1490 et
343 1420 438 1488 inter
449 1430 591 1486 nosmet
606 1417 704 1514 ipsos
720 1429 823 1488 vetus
837 1442 924 1490 usus
935 1421 1145 1508 intercedit;

81 1543 115 1598 et
134 1531 275 1599 Atticus
294 1541 416 1598 noster
436 1526 611 1621 majorem
636 1527 743 1596 etiam
767 1526 858 1598 mihi
876 1553 959 1600 cum
983 1532 1146 1604 Cossinio

81 1637 382 1710 consuetudinem
403 1634 498 1708 fecit.
522 1641 649 1731 Itaque
667 1649 744 1708 tota
762 1640 917 1710 Cossinii
939 1639 1070 1714 domus
1089 1667 1147 1714 me

81 1749 216 1848 diligit,
240 1751 278 1818 in
302 1747 501 1847 primisque
521 1745 673 1818 libertus
690 1745 793 1841 ejus,
815 1749 856 1816 L.
876 1748 1059 1820 Cossinius
1073 1755 1148 1822 An·

81 1857 236 1942 chialus,
251 1855 361 1927 homo
381 1869 417 1928 et
429 1871 603 1955 patron0,
618 1869 656 1926 et
670 1856 814 1953 patroni
833 1859 1059 1946 necessariis,
1075 1885 1149 1956 quo

81 1971 117 2038 in
133 1991 291 2038 numero
308 1991 376 2064 ego
391 1989 483 2052 sum,
498 1963 784 2062 probatissimus.
795 1963 975 2036 Hunctibi
988 1968 1037 2040 ita
1049 1993 1149 2040 com-

80 2079 235 2164 mend0,
260 2091 321 2163 ut,
344 2077 374 2148 si
395 2100 496 2146 meus
515 2073 667 2146 libertus
686 2087 797 2161 esset,
823 2073 1027 2172 eodemque
1048 2079 1147 2175 apud

82 2213 138 2260 me
156 2188 241 2276 loco
264 2199 377 2274 esset,
404 2209 481 2282 quo
501 2181 579 2283 [et]
608 2196 662 2254 est
685 2181 782 2282 apud
804 2197 1002 2283 patronum
1021 2211 1150 2276 suum,

83 2299 218 2394 majore
241 2295 359 2367 studio
379 2292 634 2366 commendare
657 2316 733 2363 non
752 2317 906 2390 possem.
929 2296 1050 2386 Quare
1070 2321 1151 2395 per·

83 2421 225 2504 gratum
240 2403 330 2474 mihi
347 2401 493 2490 feceris,
516 2402 547 2472 si
565 2426 650 2473 eum
672 2403 710 2472 in
730 2404 922 2474 amicitiam
939 2418 1039 2476 tuam
1058 2431 1153 2482 rece·

84 2518 197 2614 peris,
216 2529 326 2612 atque
345 2537 450 2600 eum,
466 2510 566 2609 quod
585 2514 662 2584 sine
681 2512 843 2585 molestia
859 2528 922 2586 tua
934 2513 1014 2606 fiat,
1032 2519 1061 2588 si
1079 2543 1151 2616 qua

85 2630 120 2698 in
134 2653 176 2700 re
195 2651 291 2724 opus
309 2625 341 2696 ei
366 2621 494 2709 fuerit,
516 2623 662 2716 juveris.
684 2621 726 2692 Id
747 2636 784 2692 et
806 2621 897 2692 mibi
921 2622 1153 2700 vehementer

85 2751 227 2834 gratum
240 2735 331 2820 erit,
347 2747 383 2805 et
396 2732 462 2803 tibi
483 2745 607 2830 postea
617 2732 832 2828 jucundum.
850 2737 1041 2804 Hominem
1056 2739 1153 2808 enim

85 2871 226 2918 summa
254 2843 452 2944 probitate,
483 2841 729 2929 humanitate,
759 2841 1060 2940 observantiaque
1092 2870 1155 2918 co·
1256 2889 1258 2896 <

87 2978 247 3053 gnosces.

86 3147 1097 3187 mmmmmfflffimmmfflmmmm
1102 3155 1147 3173 Μ

372 3335 677 3414 EPIS'IOLA
709 3337 872 3415 XXIV.

90 3516 202 3574 Gratias
216 3515 291 3592 agit,
309 3509 390 3590 quod
405 3529 458 3568 sua
471 3508 722 3594 commendatione
737 3511 848 3586 Lysoni
862 3512 1054 3574 offensionem
1068 3516 1156 3573 remi-

126 3609 218 3667 serit:
240 3605 345 3664 deinde
368 3617 467 3682 rogat,
494 3615 528 3661 ut
553 3623 620 3662 eum
644 3601 778 3662 omnibus
805 3605 909 3664 officiis
936 3607 1155 3685 complectatur.

12 3693 13 3714 ³
126 3705 256 3782 (Romae,
272 3718 349 3758 auno
362 3701 399 3758 U.
412 3701 444 3756 C.
460 3693 538 3774 707.)

426 3872 582 3937 CICERO
605 3871 760 3937 SERVIO
783 3872 817 3937 S.

140 4017 253 4106 Quum
281 4026 384 4084 antea
402 4007 588 4108 capiebam
608 4033 652 4080 ex
671 4007 793 4080 officio
809 4033 892 4083 meo
913 4009 1159 4110 voluptatem,

12 4171 13 4196 t
94 4123 190 4220 quod
216 4124 474 4212 memineram,
502 4144 611 4216 quam
637 4118 704 4189 tibi
733 4119 924 4218 diligenter
949 4128 1158 4220 Lysonem,

748 4244 751 4250 ’
1001 4236 1033 4307 3.
